Ticker,Stock Name,Trade Date,Trade Time,Trade Size,Execution Time (ms),Trade Direction, Trade Price ,Exchange,Order type
CAT,Caterpillar Inc.,1/9/2024,10:12:16,745,120,SELL,$170.26 ,NYSE,LMT
AAPL,Apple Inc.,12/26/2023,12:03:42,523,397,BUY,$174.87 ,NASDAQ,MKT
CAT,Caterpillar Inc.,1/19/2024,9:34:14,676,632,BUY,$230.25 ,NYSE,LMT
AAPL,Apple Inc.,1/10/2024,13:01:42,131,498,BUY,$154.16 ,NASDAQ,MKT
AAPL,Apple Inc.,1/19/2024,15:34:18,630,224,SELL,$188.00 ,NASDAQ,MKT
AAPL,Apple Inc.,1/11/2024,15:49:55,224,274,BUY,$137.64 ,NASDAQ,MKT
CAT,Caterpillar Inc.,1/12/2024,15:25:05,645,575,BUY,$163.26 ,NYSE,MKT
CAT,Caterpillar Inc.,1/17/2024,14:44:10,810,658,SELL,$191.49 ,NYSE,MKT
CAT,Caterpillar Inc.,12/28/2023,12:23:44,225,876,SELL,$213.32 ,NYSE,MKT
AAPL,Apple Inc.,1/15/2024,11:17:39,164,861,SELL,$154.67 ,NASDAQ,MKT
AAPL,Apple Inc.,1/15/2024,11:27:09,614,874,SELL,$175.31 ,NASDAQ,MKT
CAT,Caterpillar Inc.,12/27/2023,11:02:31,753,562,BUY,$171.36 ,NYSE,LMT
JPM,JP Morgan Chase & Co.,1/12/2024,10:54:06,133,868,SELL,$138.41 ,NYSE,LMT
CAT,Caterpillar Inc.,1/16/2024,15:05:52,252,574,BUY,$202.96 ,NYSE,MKT
JPM,JP Morgan Chase & Co.,1/1/2024,12:07:21,457,900,SELL,$149.99 ,NYSE,MKT
JPM,JP Morgan Chase & Co.,12/14/2023,13:59:29,835,851,SELL,$120.02 ,NYSE,MKT
AAPL,Apple Inc.,1/8/2024,15:27:01,943,339,SELL,$178.89 ,NASDAQ,MKT
CAT,Caterpillar Inc.,12/22/2023,15:32:48,612,407,SELL,$179.67 ,NYSE,MKT
AAPL,Apple Inc.,12/15/2023,15:28:16,355,418,SELL,$181.64 ,NASDAQ,MKT
CAT,Caterpillar Inc.,12/25/2023,11:35:20,432,458,BUY,$230.28 ,NYSE,MKT
CAT,Caterpillar Inc.,1/19/2024,14:41:14,557,248,BUY,$198.85 ,NYSE,MKT
CAT,Caterpillar Inc.,12/13/2023,14:54:37,272,512,BUY,$222.21 ,NYSE,MKT
JPM,JP Morgan Chase & Co.,12/15/2023,13:20:11,69,332,SELL,$150.28 ,NYSE,MKT
CAT,Caterpillar Inc.,1/9/2024,12:24:52,791,685,SELL,$219.67 ,NYSE,MKT
AAPL,Apple Inc.,1/16/2024,10:42:28,551,381,BUY,$175.44 ,NASDAQ,MKT
JPM,JP Morgan Chase & Co.,12/26/2023,9:27:35,28,287,SELL,$138.55 ,NYSE,MKT
CAT,Caterpillar Inc.,12/28/2023,15:46:55,441,841,SELL,$150.46 ,NYSE,MKT
JPM,JP Morgan Chase & Co.,1/16/2024,9:23:46,967,239,BUY,$158.45 ,NYSE,MKT
AAPL,Apple Inc.,1/10/2024,9:45:21,308,729,SELL,$199.38 ,NASDAQ,MKT
CAT,Caterpillar Inc.,1/1/2024,15:32:28,168,475,BUY,$190.25 ,NYSE,MKT
JPM,JP Morgan Chase & Co.,1/2/2024,11:00:34,364,511,BUY,$133.47 ,NYSE,MKT
CAT,Caterpillar Inc.,1/9/2024,14:41:32,979,1000,SELL,$200.63 ,NYSE,MKT
JPM,JP Morgan Chase & Co.,12/12/2023,9:59:56,546,103,SELL,$141.66 ,NYSE,MKT
JPM,JP Morgan Chase & Co.,12/18/2023,13:42:15,339,701,SELL,$101.32 ,NYSE,MKT
AAPL,Apple Inc.,12/18/2023,10:37:05,488,971,BUY,$130.84 ,NASDAQ,MKT
CAT,Caterpillar Inc.,12/28/2023,14:59:58,131,986,SELL,$184.40 ,NYSE,MKT
CAT,Caterpillar Inc.,1/17/2024,15:11:34,665,910,SELL,$178.04 ,NYSE,MKT
AAPL,Apple Inc.,1/2/2024,11:03:48,51,288,SELL,$169.23 ,NASDAQ,MKT
AAPL,Apple Inc.,1/9/2024,12:03:00,280,619,BUY,$189.68 ,NASDAQ,MKT
AAPL,Apple Inc.,12/19/2023,10:40:45,250,221,BUY,$173.75 ,NASDAQ,MKT
CAT,Caterpillar Inc.,12/15/2023,9:10:58,411,609,BUY,$209.25 ,NYSE,MKT
AAPL,Apple Inc.,1/16/2024,14:52:15,268,645,BUY,$135.59 ,NASDAQ,MKT
AAPL,Apple Inc.,1/11/2024,11:05:07,275,688,BUY,$181.32 ,NASDAQ,MKT
AAPL,Apple Inc.,12/26/2023,12:44:17,202,338,SELL,$150.48 ,NASDAQ,MKT
JPM,JP Morgan Chase & Co.,1/9/2024,13:02:52,320,366,SELL,$151.14 ,NYSE,MKT
AAPL,Apple Inc.,1/19/2024,13:07:07,827,487,SELL,$194.25 ,NASDAQ,MKT
JPM,JP Morgan Chase & Co.,1/11/2024,15:28:06,605,664,BUY,$115.80 ,NYSE,MKT
JPM,JP Morgan Chase & Co.,1/8/2024,15:39:56,28,902,BUY,$128.36 ,NYSE,MKT
CAT,Caterpillar Inc.,1/9/2024,9:28:40,965,414,BUY,$225.57 ,NYSE,MKT
AAPL,Apple Inc.,1/18/2024,13:09:12,19,112,BUY,$196.36 ,NASDAQ,MKT
JPM,JP Morgan Chase & Co.,12/27/2023,11:17:51,139,265,SELL,$138.53 ,NYSE,MKT
CAT,Caterpillar Inc.,12/27/2023,9:58:44,631,201,BUY,$203.41 ,NYSE,MKT
JPM,JP Morgan Chase & Co.,1/11/2024,14:46:21,498,516,BUY,$151.86 ,NYSE,MKT
AAPL,Apple Inc.,12/18/2023,14:03:57,451,953,SELL,$179.48 ,NASDAQ,MKT
CAT,Caterpillar Inc.,1/11/2024,14:29:06,455,151,SELL,$169.52 ,NYSE,MKT
AAPL,Apple Inc.,1/11/2024,12:07:16,117,166,SELL,$160.47 ,NASDAQ,MKT
CAT,Caterpillar Inc.,1/4/2024,12:46:45,237,816,BUY,$180.00 ,NYSE,MKT
AAPL,Apple Inc.,1/18/2024,13:02:40,545,393,SELL,$142.08 ,NASDAQ,MKT
AAPL,Apple Inc.,1/10/2024,13:54:37,725,717,BUY,$142.99 ,NASDAQ,MKT
JPM,JP Morgan Chase & Co.,1/10/2024,11:04:07,118,146,SELL,$140.29 ,NYSE,MKT
CAT,Caterpillar Inc.,1/17/2024,12:31:55,436,687,SELL,$226.86 ,NYSE,MKT
AAPL,Apple Inc.,1/16/2024,14:12:55,55,689,BUY,$135.71 ,NASDAQ,MKT
CAT,Caterpillar Inc.,1/9/2024,10:40:10,789,414,BUY,$156.04 ,NYSE,MKT
AAPL,Apple Inc.,1/18/2024,10:08:26,588,840,SELL,$142.25 ,NASDAQ,MKT
JPM,JP Morgan Chase & Co.,1/18/2024,9:04:32,228,923,SELL,$107.08 ,NYSE,MKT
AAPL,Apple Inc.,12/28/2023,10:31:22,717,197,SELL,$175.76 ,NASDAQ,MKT
AAPL,Apple Inc.,1/15/2024,10:42:30,845,261,SELL,$181.47 ,NASDAQ,MKT
JPM,JP Morgan Chase & Co.,1/9/2024,15:33:34,370,758,BUY,$120.62 ,NYSE,MKT
CAT,Caterpillar Inc.,12/19/2023,13:09:49,982,659,SELL,$239.08 ,NYSE,MKT
AAPL,Apple Inc.,1/23/2024,9:32:04,511,526,BUY,$188.09 ,NASDAQ,MKT
JPM,JP Morgan Chase & Co.,1/23/2024,12:43:29,645,103,SELL,$149.23 ,NYSE,MKT
AAPL,Apple Inc.,12/22/2023,15:01:54,265,877,BUY,$131.07 ,NASDAQ,MKT
AAPL,Apple Inc.,12/18/2023,11:02:49,222,823,BUY,$198.71 ,NASDAQ,MKT
CAT,Caterpillar Inc.,1/8/2024,11:38:29,758,550,SELL,$159.73 ,NYSE,MKT
CAT,Caterpillar Inc.,1/10/2024,13:03:47,312,358,BUY,$243.21 ,NYSE,MKT
CAT,Caterpillar Inc.,1/22/2024,14:25:00,979,532,BUY,$193.88 ,NYSE,MKT
JPM,JP Morgan Chase & Co.,12/19/2023,15:38:05,786,240,SELL,$140.78 ,NYSE,MKT
AAPL,Apple Inc.,12/27/2023,12:18:08,874,836,BUY,$180.63 ,NASDAQ,MKT
AAPL,Apple Inc.,1/22/2024,9:20:19,663,236,SELL,$177.81 ,NASDAQ,MKT
AAPL,Apple Inc.,1/12/2024,13:29:48,425,708,SELL,$154.66 ,NASDAQ,MKT
AAPL,Apple Inc.,1/5/2024,12:41:51,697,220,SELL,$197.17 ,NASDAQ,MKT
CAT,Caterpillar Inc.,12/22/2023,15:04:47,424,267,SELL,$248.44 ,NYSE,MKT
AAPL,Apple Inc.,1/17/2024,14:57:28,705,589,SELL,$191.54 ,NASDAQ,MKT
AAPL,Apple Inc.,1/18/2024,14:15:11,154,514,SELL,$181.99 ,NASDAQ,MKT
AAPL,Apple Inc.,12/19/2023,11:24:54,990,849,SELL,$154.44 ,NASDAQ,MKT
JPM,JP Morgan Chase & Co.,1/18/2024,14:39:50,359,682,BUY,$159.21 ,NYSE,MKT
JPM,JP Morgan Chase & Co.,12/18/2023,15:56:12,704,933,SELL,$104.13 ,NYSE,MKT
AAPL,Apple Inc.,1/11/2024,12:42:51,824,326,BUY,$194.12 ,NASDAQ,MKT
AAPL,Apple Inc.,12/28/2023,13:52:40,101,323,SELL,$163.75 ,NASDAQ,MKT
AAPL,Apple Inc.,12/14/2023,15:43:08,992,247,BUY,$189.59 ,NASDAQ,MKT
JPM,JP Morgan Chase & Co.,12/28/2023,11:55:59,192,916,SELL,$143.59 ,NYSE,MKT
CAT,Caterpillar Inc.,12/22/2023,13:15:10,304,844,SELL,$217.52 ,NYSE,MKT
CAT,Caterpillar Inc.,12/15/2023,15:02:07,96,205,BUY,$156.50 ,NYSE,MKT
JPM,JP Morgan Chase & Co.,12/13/2023,13:23:00,424,186,SELL,$141.33 ,NYSE,MKT
JPM,JP Morgan Chase & Co.,1/11/2024,9:22:49,738,572,SELL,$121.79 ,NYSE,MKT
CAT,Caterpillar Inc.,12/21/2023,15:10:07,965,278,SELL,$229.20 ,NYSE,MKT
JPM,JP Morgan Chase & Co.,1/11/2024,12:35:50,224,521,BUY,$118.13 ,NYSE,MKT
AAPL,Apple Inc.,1/15/2024,15:39:17,312,715,SELL,$182.28 ,NASDAQ,MKT
CAT,Caterpillar Inc.,12/28/2023,10:37:08,981,920,BUY,$247.19 ,NYSE,MKT
CAT,Caterpillar Inc.,12/27/2023,11:31:33,812,584,BUY,$206.07 ,NYSE,MKT
JPM,JP Morgan Chase & Co.,12/26/2023,11:02:30,622,744,BUY,$106.98 ,NYSE,MKT
CAT,Caterpillar Inc.,1/12/2024,12:45:54,610,726,BUY,$220.94 ,NYSE,MKT
JPM,JP Morgan Chase & Co.,12/12/2023,14:33:49,527,721,BUY,$103.74 ,NYSE,MKT
JPM,JP Morgan Chase & Co.,12/28/2023,13:40:22,99,280,BUY,$126.47 ,NYSE,MKT
AAPL,Apple Inc.,1/16/2024,13:34:29,13,942,SELL,$145.98 ,NASDAQ,MKT
CAT,Caterpillar Inc.,1/18/2024,10:08:41,899,935,SELL,$234.46 ,NYSE,MKT
AAPL,Apple Inc.,1/3/2024,9:48:25,573,696,BUY,$192.87 ,NASDAQ,MKT
JPM,JP Morgan Chase & Co.,12/13/2023,12:44:23,208,283,SELL,$108.61 ,NYSE,MKT
JPM,JP Morgan Chase & Co.,12/28/2023,9:25:45,229,611,SELL,$128.78 ,NYSE,MKT
JPM,JP Morgan Chase & Co.,12/13/2023,10:16:06,172,139,SELL,$125.88 ,NYSE,MKT
AAPL,Apple Inc.,1/15/2024,15:10:43,117,482,SELL,$193.44 ,NASDAQ,MKT
CAT,Caterpillar Inc.,12/21/2023,12:18:20,551,651,SELL,$176.21 ,NYSE,MKT
CAT,Caterpillar Inc.,12/14/2023,14:56:13,855,701,SELL,$159.73 ,NYSE,MKT
JPM,JP Morgan Chase & Co.,12/26/2023,14:26:58,721,479,BUY,$121.93 ,NYSE,MKT
CAT,Caterpillar Inc.,12/18/2023,10:53:27,740,930,BUY,$211.72 ,NYSE,MKT
AAPL,Apple Inc.,12/18/2023,13:56:32,953,802,SELL,$157.47 ,NASDAQ,MKT
JPM,JP Morgan Chase & Co.,12/21/2023,9:28:51,625,380,SELL,$114.71 ,NYSE,MKT
AAPL,Apple Inc.,1/17/2024,13:53:47,78,673,SELL,$188.10 ,NASDAQ,MKT
AAPL,Apple Inc.,12/25/2023,11:49:57,663,746,BUY,$188.11 ,NASDAQ,MKT
AAPL,Apple Inc.,1/18/2024,12:12:21,203,954,SELL,$192.40 ,NASDAQ,MKT
JPM,JP Morgan Chase & Co.,1/16/2024,9:22:10,642,483,BUY,$150.17 ,NYSE,MKT
JPM,JP Morgan Chase & Co.,12/20/2023,14:58:44,405,586,SELL,$127.55 ,NYSE,MKT
CAT,Caterpillar Inc.,12/29/2023,9:59:47,469,620,BUY,$168.76 ,NYSE,MKT
CAT,Caterpillar Inc.,12/18/2023,15:44:06,822,465,BUY,$219.22 ,NYSE,MKT
AAPL,Apple Inc.,1/4/2024,14:16:53,256,270,BUY,$185.29 ,NASDAQ,MKT
AAPL,Apple Inc.,12/28/2023,15:37:35,505,682,BUY,$141.91 ,NASDAQ,MKT
CAT,Caterpillar Inc.,1/11/2024,11:46:47,103,101,BUY,$189.08 ,NYSE,MKT
JPM,JP Morgan Chase & Co.,12/25/2023,11:24:30,196,365,SELL,$133.09 ,NYSE,MKT
JPM,JP Morgan Chase & Co.,12/26/2023,9:28:25,426,639,SELL,$137.77 ,NYSE,MKT
CAT,Caterpillar Inc.,1/10/2024,14:48:27,654,596,BUY,$169.36 ,NYSE,MKT
JPM,JP Morgan Chase & Co.,1/12/2024,14:34:47,199,592,SELL,$113.40 ,NYSE,MKT
AAPL,Apple Inc.,12/13/2023,15:37:57,766,201,BUY,$152.17 ,NASDAQ,MKT
AAPL,Apple Inc.,1/10/2024,13:46:20,694,235,BUY,$146.19 ,NASDAQ,MKT
JPM,JP Morgan Chase & Co.,1/11/2024,13:14:00,909,645,SELL,$157.57 ,NYSE,MKT
AAPL,Apple Inc.,12/12/2023,13:27:32,606,116,BUY,$133.20 ,NASDAQ,MKT
CAT,Caterpillar Inc.,1/15/2024,10:22:29,885,669,SELL,$166.69 ,NYSE,MKT
CAT,Caterpillar Inc.,1/3/2024,12:21:45,456,936,BUY,$187.28 ,NYSE,MKT
CAT,Caterpillar Inc.,1/10/2024,12:48:49,628,987,SELL,$162.62 ,NYSE,MKT
CAT,Caterpillar Inc.,12/21/2023,15:24:59,603,146,SELL,$179.29 ,NYSE,MKT
AAPL,Apple Inc.,1/12/2024,14:46:49,976,146,BUY,$161.85 ,NASDAQ,MKT
CAT,Caterpillar Inc.,1/23/2024,14:40:00,981,233,SELL,$247.94 ,NYSE,MKT
JPM,JP Morgan Chase & Co.,1/17/2024,15:56:46,679,723,SELL,$140.04 ,NYSE,MKT
JPM,JP Morgan Chase & Co.,12/14/2023,14:02:59,664,778,BUY,$103.83 ,NYSE,MKT
CAT,Caterpillar Inc.,12/21/2023,15:34:40,802,195,SELL,$205.74 ,NYSE,MKT
AAPL,Apple Inc.,12/19/2023,9:54:53,280,258,BUY,$198.91 ,NASDAQ,MKT
AAPL,Apple Inc.,12/29/2023,13:43:09,878,799,SELL,$194.55 ,NASDAQ,MKT
JPM,JP Morgan Chase & Co.,1/10/2024,11:11:54,369,813,BUY,$113.40 ,NYSE,MKT
CAT,Caterpillar Inc.,1/11/2024,12:17:08,945,179,SELL,$184.22 ,NYSE,MKT
CAT,Caterpillar Inc.,12/15/2023,10:24:09,528,737,SELL,$222.17 ,NYSE,MKT
JPM,JP Morgan Chase & Co.,1/11/2024,10:37:51,705,674,SELL,$117.53 ,NYSE,MKT
JPM,JP Morgan Chase & Co.,12/28/2023,15:05:30,139,357,BUY,$103.76 ,NYSE,MKT
JPM,JP Morgan Chase & Co.,12/21/2023,14:24:17,133,315,SELL,$156.77 ,NYSE,MKT
JPM,JP Morgan Chase & Co.,1/22/2024,11:30:21,492,912,BUY,$113.42 ,NYSE,MKT
JPM,JP Morgan Chase & Co.,12/15/2023,10:56:14,562,897,BUY,$102.35 ,NYSE,MKT
CAT,Caterpillar Inc.,1/18/2024,14:02:14,140,184,BUY,$160.43 ,NYSE,MKT
CAT,Caterpillar Inc.,12/27/2023,11:23:16,350,893,BUY,$243.24 ,NYSE,MKT
CAT,Caterpillar Inc.,1/16/2024,11:06:47,937,197,BUY,$150.15 ,NYSE,MKT
AAPL,Apple Inc.,1/11/2024,15:06:30,969,884,BUY,$156.80 ,NASDAQ,MKT
AAPL,Apple Inc.,1/19/2024,13:44:06,80,656,SELL,$140.64 ,NASDAQ,MKT
JPM,JP Morgan Chase & Co.,1/16/2024,10:26:33,971,688,BUY,$147.00 ,NYSE,MKT
CAT,Caterpillar Inc.,1/15/2024,12:27:19,685,445,SELL,$184.22 ,NYSE,MKT
JPM,JP Morgan Chase & Co.,1/11/2024,11:53:42,153,104,BUY,$140.79 ,NYSE,MKT
JPM,JP Morgan Chase & Co.,1/16/2024,10:53:35,406,289,SELL,$117.93 ,NYSE,MKT
CAT,Caterpillar Inc.,1/5/2024,11:58:06,381,590,BUY,$167.75 ,NYSE,MKT
JPM,JP Morgan Chase & Co.,12/14/2023,11:03:49,253,258,SELL,$157.47 ,NYSE,MKT
AAPL,Apple Inc.,1/10/2024,11:24:48,298,137,SELL,$167.67 ,NASDAQ,MKT
JPM,JP Morgan Chase & Co.,1/8/2024,11:50:09,474,824,BUY,$106.99 ,NYSE,MKT
AAPL,Apple Inc.,12/28/2023,14:49:30,282,701,SELL,$185.96 ,NASDAQ,MKT
JPM,JP Morgan Chase & Co.,1/23/2024,14:58:54,890,506,BUY,$126.36 ,NYSE,MKT
CAT,Caterpillar Inc.,1/15/2024,11:38:37,843,666,SELL,$205.03 ,NYSE,MKT
JPM,JP Morgan Chase & Co.,12/27/2023,12:43:44,480,959,BUY,$137.97 ,NYSE,MKT
CAT,Caterpillar Inc.,1/16/2024,13:15:58,444,821,BUY,$218.25 ,NYSE,MKT
CAT,Caterpillar Inc.,1/4/2024,11:31:51,863,834,SELL,$242.75 ,NYSE,MKT
CAT,Caterpillar Inc.,12/29/2023,15:46:54,565,280,BUY,$185.52 ,NYSE,MKT
CAT,Caterpillar Inc.,12/27/2023,11:27:42,213,762,BUY,$172.50 ,NYSE,MKT
CAT,Caterpillar Inc.,1/3/2024,15:00:13,772,111,BUY,$216.10 ,NYSE,MKT
JPM,JP Morgan Chase & Co.,1/15/2024,10:46:42,669,944,BUY,$114.09 ,NYSE,MKT
CAT,Caterpillar Inc.,12/25/2023,12:19:21,663,321,BUY,$240.84 ,NYSE,MKT
JPM,JP Morgan Chase & Co.,12/14/2023,9:23:36,560,614,BUY,$117.88 ,NYSE,MKT
JPM,JP Morgan Chase & Co.,1/17/2024,13:10:20,992,188,BUY,$105.28 ,NYSE,MKT
JPM,JP Morgan Chase & Co.,12/27/2023,11:21:20,975,991,BUY,$156.98 ,NYSE,MKT
CAT,Caterpillar Inc.,1/16/2024,11:26:12,679,971,BUY,$216.92 ,NYSE,MKT
JPM,JP Morgan Chase & Co.,12/29/2023,9:50:21,865,860,SELL,$134.16 ,NYSE,MKT
AAPL,Apple Inc.,1/23/2024,11:35:18,308,306,SELL,$198.55 ,NASDAQ,MKT
CAT,Caterpillar Inc.,12/25/2023,9:56:24,969,989,SELL,$236.71 ,NYSE,MKT
AAPL,Apple Inc.,12/25/2023,13:03:45,48,591,BUY,$179.16 ,NASDAQ,MKT
JPM,JP Morgan Chase & Co.,12/27/2023,9:01:16,792,209,SELL,$137.85 ,NYSE,MKT
AAPL,Apple Inc.,1/17/2024,13:21:37,475,839,SELL,$199.09 ,NASDAQ,MKT
JPM,JP Morgan Chase & Co.,12/13/2023,12:53:08,996,700,BUY,$141.14 ,NYSE,MKT
AAPL,Apple Inc.,1/18/2024,15:26:55,392,520,SELL,$193.77 ,NASDAQ,MKT
JPM,JP Morgan Chase & Co.,1/4/2024,14:51:38,433,551,SELL,$125.80 ,NYSE,MKT
AAPL,Apple Inc.,1/5/2024,10:48:53,649,207,SELL,$131.21 ,NASDAQ,MKT
CAT,Caterpillar Inc.,12/28/2023,13:41:35,823,743,BUY,$204.18 ,NYSE,MKT
JPM,JP Morgan Chase & Co.,12/18/2023,11:18:54,102,441,BUY,$159.03 ,NYSE,MKT
CAT,Caterpillar Inc.,1/19/2024,15:37:31,876,711,BUY,$202.19 ,NYSE,MKT
JPM,JP Morgan Chase & Co.,1/1/2024,9:07:40,915,993,BUY,$117.87 ,NYSE,MKT
JPM,JP Morgan Chase & Co.,12/28/2023,12:33:15,30,980,BUY,$130.63 ,NYSE,MKT
AAPL,Apple Inc.,12/18/2023,15:13:04,839,886,BUY,$149.07 ,NASDAQ,MKT
JPM,JP Morgan Chase & Co.,1/12/2024,10:32:46,875,308,BUY,$142.48 ,NYSE,MKT
CAT,Caterpillar Inc.,1/4/2024,14:50:40,255,324,BUY,$249.72 ,NYSE,MKT
AAPL,Apple Inc.,12/29/2023,15:02:22,838,217,SELL,$168.24 ,NASDAQ,MKT
AAPL,Apple Inc.,12/15/2023,15:18:34,755,294,SELL,$182.27 ,NASDAQ,MKT
JPM,JP Morgan Chase & Co.,12/28/2023,15:51:52,661,918,SELL,$116.62 ,NYSE,MKT
CAT,Caterpillar Inc.,12/13/2023,10:03:16,841,488,BUY,$172.52 ,NYSE,MKT
JPM,JP Morgan Chase & Co.,1/10/2024,14:53:07,137,772,BUY,$117.85 ,NYSE,MKT
CAT,Caterpillar Inc.,12/25/2023,14:15:43,283,764,BUY,$159.57 ,NYSE,MKT
CAT,Caterpillar Inc.,1/16/2024,12:39:26,401,976,BUY,$175.85 ,NYSE,MKT
CAT,Caterpillar Inc.,1/18/2024,15:36:58,521,588,SELL,$215.35 ,NYSE,MKT
JPM,JP Morgan Chase & Co.,1/10/2024,14:02:40,164,360,BUY,$158.28 ,NYSE,MKT
AAPL,Apple Inc.,12/28/2023,13:14:35,407,660,BUY,$196.12 ,NASDAQ,MKT
JPM,JP Morgan Chase & Co.,1/4/2024,9:36:11,371,996,SELL,$155.75 ,NYSE,MKT
CAT,Caterpillar Inc.,12/12/2023,9:43:55,695,544,SELL,$199.23 ,NYSE,MKT
CAT,Caterpillar Inc.,1/22/2024,14:32:13,324,101,BUY,$227.46 ,NYSE,MKT
AAPL,Apple Inc.,12/22/2023,14:43:36,447,695,SELL,$167.82 ,NASDAQ,MKT
AAPL,Apple Inc.,1/10/2024,15:13:58,781,614,SELL,$176.32 ,NASDAQ,MKT
CAT,Caterpillar Inc.,1/4/2024,10:23:14,86,998,SELL,$183.66 ,NYSE,MKT
JPM,JP Morgan Chase & Co.,1/23/2024,9:54:22,876,792,SELL,$124.91 ,NYSE,MKT
CAT,Caterpillar Inc.,1/9/2024,15:33:18,245,293,SELL,$227.88 ,NYSE,MKT
AAPL,Apple Inc.,12/20/2023,14:03:42,181,216,SELL,$143.85 ,NASDAQ,MKT
JPM,JP Morgan Chase & Co.,12/27/2023,12:30:12,689,628,BUY,$123.20 ,NYSE,MKT
CAT,Caterpillar Inc.,12/28/2023,10:39:23,255,787,BUY,$177.51 ,NYSE,MKT
AAPL,Apple Inc.,12/29/2023,12:44:49,238,513,SELL,$150.63 ,NASDAQ,MKT
JPM,JP Morgan Chase & Co.,12/14/2023,11:27:28,240,978,BUY,$145.96 ,NYSE,MKT
AAPL,Apple Inc.,1/11/2024,15:36:34,501,208,SELL,$174.99 ,NASDAQ,MKT
CAT,Caterpillar Inc.,12/19/2023,13:10:27,536,348,SELL,$228.81 ,NYSE,MKT
AAPL,Apple Inc.,12/28/2023,15:19:09,393,676,BUY,$199.65 ,NASDAQ,MKT
AAPL,Apple Inc.,1/4/2024,12:48:13,830,611,SELL,$189.98 ,NASDAQ,MKT
JPM,JP Morgan Chase & Co.,12/12/2023,15:32:45,58,598,SELL,$115.38 ,NYSE,MKT
AAPL,Apple Inc.,12/20/2023,15:14:10,872,433,SELL,$131.22 ,NASDAQ,MKT
CAT,Caterpillar Inc.,12/28/2023,11:50:54,691,645,BUY,$190.21 ,NYSE,MKT
JPM,JP Morgan Chase & Co.,1/15/2024,13:54:32,433,990,SELL,$117.19 ,NYSE,MKT
CAT,Caterpillar Inc.,1/23/2024,10:52:21,623,446,BUY,$207.83 ,NYSE,MKT
JPM,JP Morgan Chase & Co.,1/1/2024,10:52:21,793,851,BUY,$103.19 ,NYSE,MKT
JPM,JP Morgan Chase & Co.,12/19/2023,11:02:21,737,728,BUY,$128.41 ,NYSE,MKT
AAPL,Apple Inc.,12/18/2023,9:02:35,241,826,BUY,$190.84 ,NASDAQ,MKT
JPM,JP Morgan Chase & Co.,1/12/2024,15:24:59,636,731,BUY,$133.09 ,NYSE,MKT
JPM,JP Morgan Chase & Co.,12/12/2023,10:12:11,263,454,BUY,$114.64 ,NYSE,MKT
CAT,Caterpillar Inc.,1/3/2024,14:39:22,658,533,SELL,$199.54 ,NYSE,MKT
CAT,Caterpillar Inc.,1/5/2024,11:41:39,253,715,BUY,$162.70 ,NYSE,MKT
AAPL,Apple Inc.,12/20/2023,11:22:06,356,451,SELL,$153.75 ,NASDAQ,MKT
JPM,JP Morgan Chase & Co.,1/16/2024,10:13:54,914,174,BUY,$111.67 ,NYSE,MKT
CAT,Caterpillar Inc.,12/19/2023,15:41:29,562,793,BUY,$239.93 ,NYSE,MKT
CAT,Caterpillar Inc.,12/28/2023,10:24:16,817,231,BUY,$230.27 ,NYSE,MKT
JPM,JP Morgan Chase & Co.,1/15/2024,12:26:35,50,449,SELL,$116.27 ,NYSE,MKT
AAPL,Apple Inc.,1/23/2024,14:31:56,427,796,SELL,$172.16 ,NASDAQ,MKT
CAT,Caterpillar Inc.,12/13/2023,9:44:24,825,858,SELL,$204.85 ,NYSE,MKT
AAPL,Apple Inc.,1/19/2024,11:52:09,115,874,SELL,$135.00 ,NASDAQ,MKT
JPM,JP Morgan Chase & Co.,1/3/2024,9:48:07,80,566,BUY,$131.15 ,NYSE,MKT
CAT,Caterpillar Inc.,12/29/2023,9:38:11,730,833,SELL,$242.17 ,NYSE,MKT
JPM,JP Morgan Chase & Co.,1/23/2024,12:29:13,239,257,SELL,$125.56 ,NYSE,MKT
AAPL,Apple Inc.,1/22/2024,12:11:37,944,246,BUY,$163.36 ,NASDAQ,MKT
JPM,JP Morgan Chase & Co.,12/18/2023,11:50:45,223,316,BUY,$151.86 ,NYSE,MKT
AAPL,Apple Inc.,1/11/2024,13:39:07,740,916,BUY,$183.88 ,NASDAQ,MKT
CAT,Caterpillar Inc.,1/19/2024,9:11:49,594,253,BUY,$242.39 ,NYSE,MKT
JPM,JP Morgan Chase & Co.,1/8/2024,10:01:35,555,450,BUY,$136.69 ,NYSE,MKT
JPM,JP Morgan Chase & Co.,1/2/2024,10:22:56,826,241,SELL,$146.73 ,NYSE,MKT
AAPL,Apple Inc.,12/27/2023,11:20:08,692,119,BUY,$167.41 ,NASDAQ,MKT
CAT,Caterpillar Inc.,12/20/2023,12:10:05,963,347,BUY,$232.27 ,NYSE,MKT
CAT,Caterpillar Inc.,12/26/2023,15:09:32,400,806,SELL,$190.81 ,NYSE,MKT
AAPL,Apple Inc.,12/20/2023,10:18:29,890,314,BUY,$189.34 ,NASDAQ,MKT
AAPL,Apple Inc.,1/11/2024,13:33:48,868,680,BUY,$197.08 ,NASDAQ,MKT
CAT,Caterpillar Inc.,1/2/2024,15:01:14,455,444,BUY,$217.13 ,NYSE,MKT
AAPL,Apple Inc.,12/15/2023,9:59:08,600,593,BUY,$165.57 ,NASDAQ,MKT
JPM,JP Morgan Chase & Co.,12/18/2023,9:58:38,895,408,BUY,$148.22 ,NYSE,MKT
CAT,Caterpillar Inc.,12/13/2023,10:29:31,101,502,BUY,$204.12 ,NYSE,MKT
JPM,JP Morgan Chase & Co.,1/11/2024,9:32:52,612,580,SELL,$147.21 ,NYSE,MKT
JPM,JP Morgan Chase & Co.,12/18/2023,13:30:37,898,635,BUY,$132.62 ,NYSE,MKT
JPM,JP Morgan Chase & Co.,12/21/2023,11:16:59,607,809,SELL,$138.92 ,NYSE,MKT
CAT,Caterpillar Inc.,12/26/2023,15:58:42,361,290,BUY,$235.30 ,NYSE,MKT
AAPL,Apple Inc.,1/1/2024,9:20:20,174,245,BUY,$192.78 ,NASDAQ,MKT
AAPL,Apple Inc.,1/8/2024,14:07:35,275,472,SELL,$165.51 ,NASDAQ,MKT
AAPL,Apple Inc.,12/15/2023,11:58:14,685,292,SELL,$170.01 ,NASDAQ,MKT
JPM,JP Morgan Chase & Co.,12/20/2023,12:56:05,771,627,SELL,$116.95 ,NYSE,MKT
JPM,JP Morgan Chase & Co.,12/22/2023,12:34:11,90,574,SELL,$108.79 ,NYSE,MKT
AAPL,Apple Inc.,12/13/2023,11:19:58,473,487,SELL,$160.10 ,NASDAQ,MKT
CAT,Caterpillar Inc.,12/29/2023,10:46:35,949,637,SELL,$164.81 ,NYSE,MKT
CAT,Caterpillar Inc.,12/29/2023,10:17:53,859,463,SELL,$196.12 ,NYSE,MKT
CAT,Caterpillar Inc.,12/13/2023,13:46:38,500,584,SELL,$164.49 ,NYSE,MKT
JPM,JP Morgan Chase & Co.,12/27/2023,12:22:30,935,536,BUY,$139.80 ,NYSE,MKT
CAT,Caterpillar Inc.,12/14/2023,10:20:46,340,551,BUY,$246.40 ,NYSE,MKT
CAT,Caterpillar Inc.,12/14/2023,14:07:23,969,354,SELL,$188.27 ,NYSE,MKT
AAPL,Apple Inc.,12/21/2023,12:35:05,46,333,BUY,$171.21 ,NASDAQ,MKT
AAPL,Apple Inc.,12/12/2023,15:57:56,480,148,BUY,$177.41 ,NASDAQ,MKT
AAPL,Apple Inc.,1/16/2024,14:23:51,341,826,SELL,$176.10 ,NASDAQ,MKT
JPM,JP Morgan Chase & Co.,1/11/2024,9:07:58,121,620,SELL,$107.11 ,NYSE,MKT
JPM,JP Morgan Chase & Co.,1/15/2024,13:38:43,563,739,SELL,$103.37 ,NYSE,MKT
CAT,Caterpillar Inc.,12/25/2023,13:51:06,253,154,BUY,$167.48 ,NYSE,MKT
AAPL,Apple Inc.,12/28/2023,15:36:04,813,316,BUY,$141.49 ,NASDAQ,MKT
JPM,JP Morgan Chase & Co.,1/23/2024,14:08:08,546,645,BUY,$125.23 ,NYSE,MKT
AAPL,Apple Inc.,12/13/2023,14:20:48,192,457,BUY,$147.15 ,NASDAQ,MKT
JPM,JP Morgan Chase & Co.,12/18/2023,15:28:46,1000,547,SELL,$132.03 ,NYSE,MKT
AAPL,Apple Inc.,12/22/2023,9:23:37,629,236,BUY,$155.94 ,NASDAQ,MKT
JPM,JP Morgan Chase & Co.,1/18/2024,9:52:00,888,190,BUY,$153.50 ,NYSE,MKT
AAPL,Apple Inc.,1/1/2024,10:52:20,586,515,BUY,$189.15 ,NASDAQ,MKT
AAPL,Apple Inc.,1/10/2024,14:55:37,926,428,BUY,$166.28 ,NASDAQ,MKT
CAT,Caterpillar Inc.,12/12/2023,9:01:14,586,715,SELL,$224.35 ,NYSE,MKT
CAT,Caterpillar Inc.,1/12/2024,11:46:55,46,939,BUY,$206.51 ,NYSE,MKT
AAPL,Apple Inc.,12/14/2023,10:47:00,777,730,BUY,$147.55 ,NASDAQ,MKT
AAPL,Apple Inc.,12/27/2023,14:41:32,75,982,SELL,$166.54 ,NASDAQ,MKT
CAT,Caterpillar Inc.,1/23/2024,10:12:43,278,337,BUY,$249.96 ,NYSE,MKT
CAT,Caterpillar Inc.,1/10/2024,12:57:17,535,153,BUY,$224.23 ,NYSE,MKT
JPM,JP Morgan Chase & Co.,1/11/2024,13:38:59,955,768,BUY,$151.49 ,NYSE,MKT
AAPL,Apple Inc.,1/10/2024,15:26:18,823,449,BUY,$189.44 ,NASDAQ,MKT
CAT,Caterpillar Inc.,1/2/2024,11:39:37,468,549,SELL,$242.16 ,NYSE,MKT
CAT,Caterpillar Inc.,12/15/2023,12:48:45,497,367,SELL,$166.23 ,NYSE,MKT
JPM,JP Morgan Chase & Co.,12/21/2023,13:46:09,97,549,BUY,$155.76 ,NYSE,MKT
AAPL,Apple Inc.,1/2/2024,10:34:39,447,282,SELL,$182.21 ,NASDAQ,MKT
AAPL,Apple Inc.,1/12/2024,9:32:33,65,421,SELL,$192.32 ,NASDAQ,MKT
JPM,JP Morgan Chase & Co.,12/15/2023,15:03:59,944,288,SELL,$112.29 ,NYSE,MKT
AAPL,Apple Inc.,12/25/2023,15:22:30,644,257,BUY,$154.87 ,NASDAQ,MKT
JPM,JP Morgan Chase & Co.,1/1/2024,10:45:19,93,115,BUY,$102.65 ,NYSE,MKT
JPM,JP Morgan Chase & Co.,12/21/2023,14:09:47,907,384,SELL,$159.02 ,NYSE,MKT
CAT,Caterpillar Inc.,1/8/2024,12:39:55,647,694,SELL,$151.74 ,NYSE,MKT
CAT,Caterpillar Inc.,12/26/2023,12:56:19,947,417,BUY,$208.45 ,NYSE,MKT
CAT,Caterpillar Inc.,12/14/2023,15:15:44,274,309,SELL,$182.02 ,NYSE,MKT
AAPL,Apple Inc.,1/18/2024,10:25:25,788,863,SELL,$188.47 ,NASDAQ,MKT
JPM,JP Morgan Chase & Co.,1/22/2024,13:36:34,528,682,SELL,$115.85 ,NYSE,MKT
AAPL,Apple Inc.,1/22/2024,9:39:42,490,962,SELL,$173.29 ,NASDAQ,MKT
JPM,JP Morgan Chase & Co.,12/22/2023,10:30:51,393,268,BUY,$159.01 ,NYSE,MKT
CAT,Caterpillar Inc.,1/5/2024,9:02:54,375,684,SELL,$150.28 ,NYSE,MKT
AAPL,Apple Inc.,1/2/2024,10:01:29,874,496,SELL,$145.54 ,NASDAQ,MKT
AAPL,Apple Inc.,1/19/2024,11:44:26,188,348,SELL,$139.88 ,NASDAQ,MKT
AAPL,Apple Inc.,12/14/2023,12:48:44,387,612,SELL,$188.95 ,NASDAQ,MKT
AAPL,Apple Inc.,1/11/2024,15:24:48,174,989,BUY,$131.36 ,NASDAQ,MKT
CAT,Caterpillar Inc.,12/28/2023,15:06:20,456,825,SELL,$199.47 ,NYSE,MKT
CAT,Caterpillar Inc.,12/21/2023,9:02:22,707,538,SELL,$229.13 ,NYSE,MKT
AAPL,Apple Inc.,12/25/2023,12:57:17,456,948,BUY,$197.00 ,NASDAQ,MKT
CAT,Caterpillar Inc.,12/15/2023,15:17:33,353,598,SELL,$184.21 ,NYSE,MKT
JPM,JP Morgan Chase & Co.,1/4/2024,15:39:48,856,273,SELL,$111.88 ,NYSE,MKT
CAT,Caterpillar Inc.,1/5/2024,9:10:53,30,728,BUY,$205.96 ,NYSE,MKT
JPM,JP Morgan Chase & Co.,12/27/2023,14:32:18,981,422,SELL,$108.47 ,NYSE,MKT
JPM,JP Morgan Chase & Co.,1/22/2024,15:59:21,167,208,BUY,$112.27 ,NYSE,MKT
AAPL,Apple Inc.,1/1/2024,11:25:35,597,987,BUY,$177.69 ,NASDAQ,MKT
AAPL,Apple Inc.,1/16/2024,14:12:14,242,735,BUY,$187.98 ,NASDAQ,MKT
JPM,JP Morgan Chase & Co.,1/19/2024,13:58:25,420,152,BUY,$136.38 ,NYSE,MKT
AAPL,Apple Inc.,1/12/2024,11:53:00,355,902,BUY,$146.60 ,NASDAQ,MKT
JPM,JP Morgan Chase & Co.,1/2/2024,14:05:09,648,313,SELL,$114.66 ,NYSE,MKT
AAPL,Apple Inc.,12/26/2023,11:07:21,172,898,BUY,$147.54 ,NASDAQ,MKT
CAT,Caterpillar Inc.,1/19/2024,9:54:50,300,453,BUY,$157.83 ,NYSE,MKT
CAT,Caterpillar Inc.,1/19/2024,10:21:39,709,316,SELL,$207.84 ,NYSE,MKT
AAPL,Apple Inc.,12/29/2023,12:16:29,983,168,BUY,$169.90 ,NASDAQ,MKT
CAT,Caterpillar Inc.,12/22/2023,12:57:55,328,356,SELL,$228.42 ,NYSE,MKT
JPM,JP Morgan Chase & Co.,1/5/2024,9:33:01,338,555,SELL,$104.91 ,NYSE,MKT
AAPL,Apple Inc.,12/27/2023,13:06:42,435,470,SELL,$159.32 ,NASDAQ,MKT
CAT,Caterpillar Inc.,1/4/2024,13:34:45,114,154,BUY,$190.27 ,NYSE,MKT
JPM,JP Morgan Chase & Co.,1/12/2024,12:06:07,779,507,BUY,$116.59 ,NYSE,MKT
AAPL,Apple Inc.,12/22/2023,14:06:05,916,530,SELL,$190.52 ,NASDAQ,MKT
AAPL,Apple Inc.,1/11/2024,10:25:28,924,623,BUY,$149.13 ,NASDAQ,MKT
AAPL,Apple Inc.,12/22/2023,13:49:12,224,851,SELL,$188.85 ,NASDAQ,MKT
JPM,JP Morgan Chase & Co.,1/17/2024,13:14:23,246,856,SELL,$115.84 ,NYSE,MKT
AAPL,Apple Inc.,1/18/2024,9:16:44,617,768,SELL,$139.45 ,NASDAQ,MKT
CAT,Caterpillar Inc.,12/19/2023,10:56:35,249,309,SELL,$160.32 ,NYSE,MKT
AAPL,Apple Inc.,12/13/2023,9:28:30,376,150,SELL,$190.55 ,NASDAQ,MKT
JPM,JP Morgan Chase & Co.,1/23/2024,14:00:29,626,812,SELL,$107.51 ,NYSE,MKT
AAPL,Apple Inc.,1/9/2024,12:12:59,812,316,SELL,$138.48 ,NASDAQ,MKT
JPM,JP Morgan Chase & Co.,12/21/2023,14:03:54,247,823,SELL,$115.55 ,NYSE,MKT
JPM,JP Morgan Chase & Co.,1/8/2024,14:33:18,373,272,SELL,$100.94 ,NYSE,MKT
CAT,Caterpillar Inc.,1/18/2024,12:48:35,765,254,SELL,$198.67 ,NYSE,MKT
AAPL,Apple Inc.,12/15/2023,14:44:46,773,335,BUY,$180.04 ,NASDAQ,MKT
JPM,JP Morgan Chase & Co.,1/5/2024,14:55:51,584,668,SELL,$108.31 ,NYSE,MKT
CAT,Caterpillar Inc.,1/18/2024,15:01:26,615,259,BUY,$233.16 ,NYSE,MKT
JPM,JP Morgan Chase & Co.,1/18/2024,11:20:10,653,267,SELL,$121.18 ,NYSE,MKT
AAPL,Apple Inc.,1/11/2024,15:07:47,195,356,SELL,$198.78 ,NASDAQ,MKT
CAT,Caterpillar Inc.,12/22/2023,11:03:50,930,272,BUY,$199.31 ,NYSE,MKT
CAT,Caterpillar Inc.,12/29/2023,13:20:11,613,950,SELL,$192.91 ,NYSE,MKT
JPM,JP Morgan Chase & Co.,12/26/2023,14:27:32,646,534,SELL,$120.15 ,NYSE,MKT
CAT,Caterpillar Inc.,1/16/2024,9:26:18,192,761,BUY,$201.32 ,NYSE,MKT
CAT,Caterpillar Inc.,1/5/2024,9:52:48,37,342,SELL,$208.74 ,NYSE,MKT
JPM,JP Morgan Chase & Co.,1/8/2024,11:14:28,754,105,SELL,$151.34 ,NYSE,MKT
CAT,Caterpillar Inc.,1/15/2024,11:35:49,777,776,BUY,$160.91 ,NYSE,MKT
AAPL,Apple Inc.,1/19/2024,14:45:10,498,953,SELL,$138.42 ,NASDAQ,MKT
AAPL,Apple Inc.,1/22/2024,11:49:02,903,541,SELL,$178.85 ,NASDAQ,MKT
JPM,JP Morgan Chase & Co.,12/28/2023,11:05:43,689,844,BUY,$126.36 ,NYSE,MKT
CAT,Caterpillar Inc.,1/22/2024,12:31:03,808,649,SELL,$173.10 ,NYSE,MKT
AAPL,Apple Inc.,1/3/2024,12:26:21,71,720,SELL,$175.35 ,NASDAQ,MKT
AAPL,Apple Inc.,1/12/2024,12:51:38,381,907,SELL,$172.87 ,NASDAQ,MKT
JPM,JP Morgan Chase & Co.,12/21/2023,12:09:36,339,409,BUY,$108.03 ,NYSE,MKT
AAPL,Apple Inc.,1/17/2024,11:43:35,207,666,BUY,$169.86 ,NASDAQ,MKT
AAPL,Apple Inc.,1/5/2024,13:15:16,725,714,BUY,$135.24 ,NASDAQ,MKT
CAT,Caterpillar Inc.,1/11/2024,9:36:53,468,943,BUY,$160.82 ,NYSE,MKT
AAPL,Apple Inc.,1/12/2024,15:10:12,610,178,SELL,$181.45 ,NASDAQ,MKT
JPM,JP Morgan Chase & Co.,12/26/2023,12:44:45,149,278,BUY,$116.34 ,NYSE,MKT
AAPL,Apple Inc.,12/12/2023,10:46:35,292,817,BUY,$198.89 ,NASDAQ,MKT
JPM,JP Morgan Chase & Co.,1/10/2024,10:44:54,195,477,SELL,$157.29 ,NYSE,MKT
JPM,JP Morgan Chase & Co.,12/21/2023,9:28:21,550,991,BUY,$130.73 ,NYSE,MKT
CAT,Caterpillar Inc.,12/25/2023,13:15:59,848,196,BUY,$212.33 ,NYSE,MKT
CAT,Caterpillar Inc.,1/22/2024,15:12:05,180,835,SELL,$152.27 ,NYSE,MKT
CAT,Caterpillar Inc.,12/20/2023,9:59:57,151,651,SELL,$181.30 ,NYSE,MKT
CAT,Caterpillar Inc.,1/12/2024,14:10:49,310,603,SELL,$235.22 ,NYSE,MKT
CAT,Caterpillar Inc.,1/16/2024,11:16:39,404,987,SELL,$245.53 ,NYSE,MKT
CAT,Caterpillar Inc.,1/11/2024,13:20:30,574,571,SELL,$208.64 ,NYSE,MKT
JPM,JP Morgan Chase & Co.,1/16/2024,11:36:29,361,374,SELL,$114.21 ,NYSE,MKT
JPM,JP Morgan Chase & Co.,12/29/2023,13:45:55,477,644,BUY,$158.87 ,NYSE,MKT
AAPL,Apple Inc.,12/20/2023,10:43:22,441,970,SELL,$195.63 ,NASDAQ,MKT
AAPL,Apple Inc.,12/25/2023,14:24:17,353,421,BUY,$143.53 ,NASDAQ,MKT
AAPL,Apple Inc.,1/3/2024,14:39:55,947,238,SELL,$174.33 ,NASDAQ,MKT
CAT,Caterpillar Inc.,12/15/2023,9:28:35,906,591,SELL,$182.90 ,NYSE,MKT
CAT,Caterpillar Inc.,1/2/2024,13:10:31,508,821,BUY,$168.28 ,NYSE,MKT
AAPL,Apple Inc.,12/12/2023,12:35:35,354,430,SELL,$199.22 ,NASDAQ,MKT
CAT,Caterpillar Inc.,1/8/2024,12:24:26,207,770,SELL,$169.93 ,NYSE,MKT
CAT,Caterpillar Inc.,12/27/2023,14:56:00,499,425,SELL,$156.19 ,NYSE,MKT
CAT,Caterpillar Inc.,12/27/2023,11:59:21,863,236,SELL,$190.58 ,NYSE,MKT
JPM,JP Morgan Chase & Co.,1/8/2024,13:12:07,219,907,BUY,$154.09 ,NYSE,MKT
CAT,Caterpillar Inc.,1/22/2024,15:24:40,851,119,BUY,$229.16 ,NYSE,MKT
AAPL,Apple Inc.,1/19/2024,10:35:32,170,873,BUY,$144.38 ,NASDAQ,MKT
JPM,JP Morgan Chase & Co.,1/3/2024,12:01:45,578,414,SELL,$110.23 ,NYSE,MKT
CAT,Caterpillar Inc.,12/27/2023,13:37:15,182,826,SELL,$186.81 ,NYSE,MKT
JPM,JP Morgan Chase & Co.,12/27/2023,9:50:21,902,795,SELL,$108.02 ,NYSE,MKT
AAPL,Apple Inc.,1/16/2024,15:51:02,889,579,BUY,$132.98 ,NASDAQ,MKT
JPM,JP Morgan Chase & Co.,1/15/2024,11:48:41,340,708,BUY,$119.96 ,NYSE,MKT
AAPL,Apple Inc.,12/27/2023,14:10:28,456,486,BUY,$160.15 ,NASDAQ,MKT
JPM,JP Morgan Chase & Co.,12/22/2023,9:56:47,373,427,BUY,$124.22 ,NYSE,MKT
CAT,Caterpillar Inc.,1/18/2024,12:48:56,515,287,SELL,$170.62 ,NYSE,MKT
CAT,Caterpillar Inc.,12/20/2023,13:49:40,136,950,SELL,$153.88 ,NYSE,MKT
AAPL,Apple Inc.,12/22/2023,11:52:51,746,315,SELL,$149.26 ,NASDAQ,MKT
AAPL,Apple Inc.,1/22/2024,13:19:05,223,601,BUY,$188.02 ,NASDAQ,MKT
AAPL,Apple Inc.,1/10/2024,14:38:34,611,195,SELL,$142.36 ,NASDAQ,MKT
CAT,Caterpillar Inc.,1/3/2024,10:42:33,266,758,BUY,$209.27 ,NYSE,MKT
AAPL,Apple Inc.,12/19/2023,10:11:28,915,655,SELL,$174.33 ,NASDAQ,MKT
JPM,JP Morgan Chase & Co.,1/8/2024,9:50:11,635,817,SELL,$135.06 ,NYSE,MKT
JPM,JP Morgan Chase & Co.,1/22/2024,15:55:52,377,193,SELL,$157.28 ,NYSE,MKT
CAT,Caterpillar Inc.,1/8/2024,9:08:10,579,382,BUY,$242.20 ,NYSE,MKT
AAPL,Apple Inc.,12/12/2023,15:20:35,136,282,SELL,$162.79 ,NASDAQ,MKT
JPM,JP Morgan Chase & Co.,1/16/2024,14:12:21,26,673,BUY,$139.41 ,NYSE,MKT
JPM,JP Morgan Chase & Co.,1/8/2024,12:33:52,586,516,SELL,$113.43 ,NYSE,MKT
AAPL,Apple Inc.,12/27/2023,11:53:29,682,496,SELL,$145.88 ,NASDAQ,MKT
CAT,Caterpillar Inc.,1/16/2024,9:42:41,644,105,BUY,$184.01 ,NYSE,MKT
JPM,JP Morgan Chase & Co.,1/16/2024,15:31:01,317,664,BUY,$132.62 ,NYSE,MKT
AAPL,Apple Inc.,1/12/2024,10:33:16,288,464,SELL,$199.40 ,NASDAQ,MKT
AAPL,Apple Inc.,1/15/2024,13:13:50,22,822,BUY,$177.25 ,NASDAQ,MKT
JPM,JP Morgan Chase & Co.,1/19/2024,10:09:29,445,514,SELL,$123.99 ,NYSE,MKT
CAT,Caterpillar Inc.,1/15/2024,12:51:23,208,740,SELL,$237.75 ,NYSE,MKT
CAT,Caterpillar Inc.,12/21/2023,11:16:19,245,851,BUY,$240.47 ,NYSE,MKT
JPM,JP Morgan Chase & Co.,1/9/2024,15:11:34,534,445,BUY,$148.52 ,NYSE,MKT
CAT,Caterpillar Inc.,1/23/2024,12:11:56,299,409,SELL,$186.53 ,NYSE,MKT
AAPL,Apple Inc.,12/13/2023,12:33:03,576,268,BUY,$175.39 ,NASDAQ,MKT
CAT,Caterpillar Inc.,12/20/2023,15:20:18,383,615,SELL,$211.73 ,NYSE,MKT
CAT,Caterpillar Inc.,12/19/2023,12:39:47,314,686,BUY,$220.22 ,NYSE,MKT
JPM,JP Morgan Chase & Co.,1/3/2024,15:25:26,359,388,BUY,$117.43 ,NYSE,MKT
CAT,Caterpillar Inc.,1/2/2024,15:31:48,345,692,SELL,$168.64 ,NYSE,MKT
AAPL,Apple Inc.,12/14/2023,9:29:28,749,933,BUY,$182.77 ,NASDAQ,MKT
AAPL,Apple Inc.,12/27/2023,14:19:57,502,955,SELL,$145.24 ,NASDAQ,MKT
JPM,JP Morgan Chase & Co.,12/20/2023,10:55:25,620,913,SELL,$128.40 ,NYSE,MKT
AAPL,Apple Inc.,12/29/2023,11:23:57,15,914,SELL,$164.58 ,NASDAQ,MKT
AAPL,Apple Inc.,1/15/2024,9:34:49,855,808,BUY,$175.85 ,NASDAQ,MKT
JPM,JP Morgan Chase & Co.,12/22/2023,13:16:46,319,865,BUY,$109.72 ,NYSE,MKT
CAT,Caterpillar Inc.,12/25/2023,12:22:41,671,792,BUY,$208.25 ,NYSE,MKT
AAPL,Apple Inc.,1/2/2024,9:06:40,681,304,BUY,$184.70 ,NASDAQ,MKT
CAT,Caterpillar Inc.,12/27/2023,14:42:48,144,770,BUY,$197.83 ,NYSE,MKT
CAT,Caterpillar Inc.,1/5/2024,10:35:53,32,918,BUY,$235.71 ,NYSE,MKT
JPM,JP Morgan Chase & Co.,12/12/2023,12:15:03,414,657,SELL,$132.62 ,NYSE,MKT
AAPL,Apple Inc.,12/15/2023,9:58:57,742,839,BUY,$197.43 ,NASDAQ,MKT
AAPL,Apple Inc.,12/26/2023,13:05:49,292,855,BUY,$185.40 ,NASDAQ,MKT
AAPL,Apple Inc.,12/28/2023,15:53:18,268,939,BUY,$134.92 ,NASDAQ,MKT
JPM,JP Morgan Chase & Co.,12/27/2023,12:41:58,523,636,BUY,$134.92 ,NYSE,MKT
AAPL,Apple Inc.,12/28/2023,11:49:37,258,521,SELL,$145.18 ,NASDAQ,MKT
JPM,JP Morgan Chase & Co.,1/22/2024,10:57:00,811,265,SELL,$115.88 ,NYSE,MKT
AAPL,Apple Inc.,1/18/2024,11:50:56,583,951,SELL,$163.98 ,NASDAQ,MKT
JPM,JP Morgan Chase & Co.,12/12/2023,9:21:00,145,751,BUY,$119.28 ,NYSE,MKT
AAPL,Apple Inc.,1/22/2024,10:11:37,698,957,SELL,$143.45 ,NASDAQ,MKT
JPM,JP Morgan Chase & Co.,12/20/2023,12:22:46,121,856,BUY,$131.19 ,NYSE,MKT
JPM,JP Morgan Chase & Co.,12/13/2023,12:06:48,518,190,BUY,$153.12 ,NYSE,MKT
AAPL,Apple Inc.,1/16/2024,14:29:39,219,966,SELL,$176.10 ,NASDAQ,MKT
AAPL,Apple Inc.,12/28/2023,12:15:02,140,796,SELL,$136.53 ,NASDAQ,MKT
JPM,JP Morgan Chase & Co.,1/23/2024,10:50:52,120,622,BUY,$134.76 ,NYSE,MKT
AAPL,Apple Inc.,1/10/2024,14:13:27,92,625,BUY,$174.81 ,NASDAQ,MKT
CAT,Caterpillar Inc.,1/15/2024,9:36:29,644,985,SELL,$223.93 ,NYSE,MKT
JPM,JP Morgan Chase & Co.,1/8/2024,10:57:06,720,692,SELL,$120.42 ,NYSE,MKT
CAT,Caterpillar Inc.,1/10/2024,10:36:50,188,867,BUY,$224.78 ,NYSE,MKT
AAPL,Apple Inc.,1/22/2024,13:59:09,916,757,BUY,$153.97 ,NASDAQ,MKT
CAT,Caterpillar Inc.,12/12/2023,10:03:07,316,813,SELL,$154.76 ,NYSE,MKT
AAPL,Apple Inc.,12/22/2023,13:08:41,104,622,BUY,$178.15 ,NASDAQ,MKT
AAPL,Apple Inc.,12/26/2023,15:48:37,716,926,SELL,$185.01 ,NASDAQ,MKT
CAT,Caterpillar Inc.,12/13/2023,13:56:37,962,131,BUY,$235.08 ,NYSE,MKT
JPM,JP Morgan Chase & Co.,12/27/2023,14:06:55,401,264,BUY,$105.24 ,NYSE,MKT
AAPL,Apple Inc.,1/10/2024,13:17:42,974,460,BUY,$134.55 ,NASDAQ,MKT
JPM,JP Morgan Chase & Co.,12/18/2023,9:12:08,249,294,SELL,$128.34 ,NYSE,MKT
AAPL,Apple Inc.,12/29/2023,10:08:02,543,179,BUY,$162.89 ,NASDAQ,MKT
CAT,Caterpillar Inc.,12/20/2023,11:01:58,358,815,BUY,$161.36 ,NYSE,MKT
JPM,JP Morgan Chase & Co.,12/27/2023,13:02:52,635,852,BUY,$114.48 ,NYSE,MKT
JPM,JP Morgan Chase & Co.,12/22/2023,9:55:41,327,292,BUY,$136.10 ,NYSE,MKT
AAPL,Apple Inc.,1/8/2024,10:02:23,30,704,BUY,$174.40 ,NASDAQ,MKT
JPM,JP Morgan Chase & Co.,1/16/2024,15:47:17,994,712,BUY,$114.47 ,NYSE,MKT
JPM,JP Morgan Chase & Co.,12/14/2023,12:41:58,541,542,BUY,$132.36 ,NYSE,MKT
JPM,JP Morgan Chase & Co.,1/4/2024,14:09:13,182,840,SELL,$101.92 ,NYSE,MKT
AAPL,Apple Inc.,12/26/2023,11:35:59,847,894,SELL,$171.17 ,NASDAQ,MKT
CAT,Caterpillar Inc.,12/25/2023,13:32:11,166,305,SELL,$215.37 ,NYSE,MKT
JPM,JP Morgan Chase & Co.,1/17/2024,11:19:09,433,820,SELL,$114.26 ,NYSE,MKT
AAPL,Apple Inc.,12/15/2023,12:12:33,202,154,SELL,$151.19 ,NASDAQ,MKT
CAT,Caterpillar Inc.,12/15/2023,13:00:38,850,514,SELL,$236.02 ,NYSE,MKT
JPM,JP Morgan Chase & Co.,12/25/2023,14:05:34,722,970,BUY,$134.44 ,NYSE,MKT
AAPL,Apple Inc.,1/5/2024,9:07:42,407,138,SELL,$168.09 ,NASDAQ,MKT
CAT,Caterpillar Inc.,1/5/2024,15:41:47,107,983,BUY,$198.03 ,NYSE,MKT
CAT,Caterpillar Inc.,12/15/2023,11:03:22,942,173,BUY,$165.36 ,NYSE,MKT
CAT,Caterpillar Inc.,12/18/2023,14:06:53,493,513,BUY,$150.47 ,NYSE,MKT
CAT,Caterpillar Inc.,1/10/2024,10:59:57,756,165,SELL,$227.78 ,NYSE,MKT
CAT,Caterpillar Inc.,12/20/2023,12:09:50,983,457,BUY,$162.26 ,NYSE,MKT
CAT,Caterpillar Inc.,1/3/2024,9:16:02,799,498,BUY,$195.94 ,NYSE,MKT
CAT,Caterpillar Inc.,12/21/2023,12:22:16,40,427,BUY,$231.64 ,NYSE,MKT
AAPL,Apple Inc.,1/2/2024,12:56:58,160,713,BUY,$191.59 ,NASDAQ,MKT
CAT,Caterpillar Inc.,12/15/2023,11:11:08,577,504,SELL,$181.33 ,NYSE,MKT
AAPL,Apple Inc.,1/15/2024,9:59:54,687,165,SELL,$170.16 ,NASDAQ,MKT
CAT,Caterpillar Inc.,12/18/2023,14:05:39,657,526,BUY,$164.75 ,NYSE,MKT
CAT,Caterpillar Inc.,12/28/2023,9:07:10,432,537,SELL,$157.74 ,NYSE,MKT
AAPL,Apple Inc.,1/11/2024,13:32:38,644,877,BUY,$135.00 ,NASDAQ,MKT
JPM,JP Morgan Chase & Co.,1/22/2024,14:01:34,952,935,BUY,$144.57 ,NYSE,MKT
CAT,Caterpillar Inc.,12/20/2023,14:04:12,66,892,SELL,$187.91 ,NYSE,MKT
CAT,Caterpillar Inc.,1/4/2024,14:18:24,485,101,SELL,$194.23 ,NYSE,MKT
JPM,JP Morgan Chase & Co.,12/28/2023,11:48:11,539,886,SELL,$154.93 ,NYSE,MKT
AAPL,Apple Inc.,12/14/2023,14:52:25,54,379,SELL,$152.37 ,NASDAQ,MKT
CAT,Caterpillar Inc.,12/13/2023,10:27:42,741,328,BUY,$236.02 ,NYSE,MKT
AAPL,Apple Inc.,1/16/2024,11:08:37,923,420,BUY,$130.01 ,NASDAQ,MKT
CAT,Caterpillar Inc.,12/25/2023,13:03:34,222,499,BUY,$241.17 ,NYSE,MKT
JPM,JP Morgan Chase & Co.,12/29/2023,10:59:30,882,637,BUY,$116.59 ,NYSE,MKT
CAT,Caterpillar Inc.,12/22/2023,10:26:07,686,919,SELL,$184.53 ,NYSE,MKT
CAT,Caterpillar Inc.,12/28/2023,15:06:58,946,224,SELL,$162.14 ,NYSE,MKT
AAPL,Apple Inc.,1/22/2024,12:52:51,924,853,SELL,$153.60 ,NASDAQ,MKT
AAPL,Apple Inc.,12/28/2023,11:23:47,332,304,BUY,$145.38 ,NASDAQ,MKT
JPM,JP Morgan Chase & Co.,12/22/2023,12:26:15,133,964,SELL,$152.37 ,NYSE,MKT
JPM,JP Morgan Chase & Co.,1/8/2024,9:52:49,279,353,BUY,$106.15 ,NYSE,MKT
JPM,JP Morgan Chase & Co.,1/3/2024,15:54:08,980,361,SELL,$142.90 ,NYSE,MKT
AAPL,Apple Inc.,12/12/2023,10:41:37,805,942,BUY,$141.74 ,NASDAQ,MKT
JPM,JP Morgan Chase & Co.,12/15/2023,13:39:15,378,946,BUY,$148.23 ,NYSE,MKT
CAT,Caterpillar Inc.,1/23/2024,14:10:45,14,241,BUY,$152.20 ,NYSE,MKT
CAT,Caterpillar Inc.,12/29/2023,14:14:12,271,721,SELL,$185.48 ,NYSE,MKT
JPM,JP Morgan Chase & Co.,1/1/2024,13:23:58,737,321,SELL,$118.53 ,NYSE,MKT
JPM,JP Morgan Chase & Co.,1/15/2024,9:08:24,87,370,BUY,$132.34 ,NYSE,MKT
CAT,Caterpillar Inc.,1/12/2024,15:36:19,734,525,BUY,$155.97 ,NYSE,MKT
CAT,Caterpillar Inc.,12/15/2023,13:35:34,316,148,BUY,$168.77 ,NYSE,MKT
AAPL,Apple Inc.,1/12/2024,15:58:07,773,500,BUY,$146.20 ,NASDAQ,MKT
JPM,JP Morgan Chase & Co.,12/29/2023,13:53:23,926,134,BUY,$103.28 ,NYSE,MKT
CAT,Caterpillar Inc.,12/13/2023,13:51:15,656,871,SELL,$150.79 ,NYSE,MKT
AAPL,Apple Inc.,12/20/2023,12:45:51,657,739,SELL,$181.76 ,NASDAQ,MKT
JPM,JP Morgan Chase & Co.,12/21/2023,15:00:01,953,448,SELL,$112.60 ,NYSE,MKT
AAPL,Apple Inc.,1/15/2024,9:38:01,658,516,SELL,$130.63 ,NASDAQ,MKT
CAT,Caterpillar Inc.,1/23/2024,13:56:53,422,754,SELL,$237.44 ,NYSE,MKT
CAT,Caterpillar Inc.,1/11/2024,9:17:11,67,847,SELL,$189.79 ,NYSE,MKT
JPM,JP Morgan Chase & Co.,1/17/2024,10:54:14,395,792,BUY,$117.37 ,NYSE,MKT
CAT,Caterpillar Inc.,12/20/2023,9:50:37,719,646,SELL,$157.53 ,NYSE,MKT
CAT,Caterpillar Inc.,1/2/2024,11:04:27,867,250,SELL,$246.71 ,NYSE,MKT
AAPL,Apple Inc.,12/29/2023,15:32:12,300,437,BUY,$138.88 ,NASDAQ,MKT
JPM,JP Morgan Chase & Co.,12/21/2023,9:07:39,35,850,SELL,$148.75 ,NYSE,MKT
AAPL,Apple Inc.,1/15/2024,15:44:25,688,909,BUY,$155.84 ,NASDAQ,MKT
AAPL,Apple Inc.,1/15/2024,11:58:01,881,195,SELL,$184.26 ,NASDAQ,MKT
AAPL,Apple Inc.,1/16/2024,9:08:49,672,147,BUY,$157.48 ,NASDAQ,MKT
AAPL,Apple Inc.,12/26/2023,11:06:05,931,225,SELL,$145.75 ,NASDAQ,MKT
AAPL,Apple Inc.,1/4/2024,14:28:26,754,827,BUY,$132.92 ,NASDAQ,MKT
CAT,Caterpillar Inc.,12/15/2023,11:00:59,645,424,BUY,$177.94 ,NYSE,MKT
CAT,Caterpillar Inc.,1/12/2024,15:51:25,744,737,SELL,$187.67 ,NYSE,MKT
CAT,Caterpillar Inc.,1/2/2024,9:10:32,366,176,SELL,$163.96 ,NYSE,MKT
JPM,JP Morgan Chase & Co.,1/19/2024,15:16:44,95,492,SELL,$124.25 ,NYSE,MKT
AAPL,Apple Inc.,12/13/2023,9:27:49,633,958,SELL,$130.08 ,NASDAQ,MKT
AAPL,Apple Inc.,12/14/2023,13:23:07,230,583,BUY,$186.53 ,NASDAQ,MKT
JPM,JP Morgan Chase & Co.,12/15/2023,15:22:52,559,437,BUY,$135.22 ,NYSE,MKT
AAPL,Apple Inc.,1/12/2024,15:42:05,121,164,SELL,$153.98 ,NASDAQ,MKT
CAT,Caterpillar Inc.,1/5/2024,14:26:07,36,834,BUY,$186.20 ,NYSE,MKT
JPM,JP Morgan Chase & Co.,12/20/2023,14:19:01,428,257,BUY,$154.25 ,NYSE,MKT
JPM,JP Morgan Chase & Co.,1/17/2024,15:32:59,736,388,SELL,$145.06 ,NYSE,MKT
CAT,Caterpillar Inc.,12/18/2023,14:02:37,775,533,SELL,$217.59 ,NYSE,MKT
AAPL,Apple Inc.,1/18/2024,13:28:53,135,329,SELL,$162.26 ,NASDAQ,MKT
CAT,Caterpillar Inc.,12/14/2023,9:19:30,949,399,BUY,$159.41 ,NYSE,MKT
JPM,JP Morgan Chase & Co.,12/27/2023,12:38:41,820,867,SELL,$109.88 ,NYSE,MKT
JPM,JP Morgan Chase & Co.,1/8/2024,10:06:54,639,289,BUY,$110.45 ,NYSE,MKT
CAT,Caterpillar Inc.,1/18/2024,14:52:12,150,293,BUY,$173.78 ,NYSE,MKT
CAT,Caterpillar Inc.,12/25/2023,10:12:17,625,257,SELL,$165.55 ,NYSE,MKT
JPM,JP Morgan Chase & Co.,12/19/2023,11:10:48,997,893,SELL,$124.10 ,NYSE,MKT
JPM,JP Morgan Chase & Co.,12/13/2023,13:37:10,655,471,BUY,$104.40 ,NYSE,MKT
CAT,Caterpillar Inc.,12/28/2023,15:04:33,549,738,SELL,$170.16 ,NYSE,MKT
CAT,Caterpillar Inc.,12/18/2023,9:16:39,681,918,BUY,$189.72 ,NYSE,MKT
CAT,Caterpillar Inc.,1/17/2024,9:38:50,252,996,BUY,$188.47 ,NYSE,MKT
AAPL,Apple Inc.,1/22/2024,11:33:59,257,609,BUY,$187.50 ,NASDAQ,MKT
AAPL,Apple Inc.,12/20/2023,10:56:44,360,143,SELL,$192.55 ,NASDAQ,MKT
JPM,JP Morgan Chase & Co.,12/27/2023,12:13:35,136,436,BUY,$113.87 ,NYSE,MKT
AAPL,Apple Inc.,12/15/2023,14:06:10,835,255,BUY,$151.11 ,NASDAQ,MKT
AAPL,Apple Inc.,1/22/2024,12:48:19,877,599,BUY,$197.66 ,NASDAQ,MKT
AAPL,Apple Inc.,12/29/2023,11:25:14,919,267,SELL,$144.21 ,NASDAQ,MKT
CAT,Caterpillar Inc.,1/3/2024,10:16:00,805,741,BUY,$221.19 ,NYSE,MKT
CAT,Caterpillar Inc.,12/13/2023,13:23:43,222,185,SELL,$225.38 ,NYSE,MKT
JPM,JP Morgan Chase & Co.,1/11/2024,10:05:42,300,455,BUY,$147.42 ,NYSE,MKT
AAPL,Apple Inc.,12/20/2023,9:44:25,195,519,BUY,$197.26 ,NASDAQ,MKT
JPM,JP Morgan Chase & Co.,12/13/2023,13:03:39,694,621,SELL,$147.49 ,NYSE,MKT
JPM,JP Morgan Chase & Co.,1/4/2024,13:50:58,465,625,BUY,$135.89 ,NYSE,MKT
CAT,Caterpillar Inc.,12/25/2023,13:58:41,534,175,SELL,$179.56 ,NYSE,MKT
CAT,Caterpillar Inc.,1/15/2024,12:09:06,562,932,BUY,$204.55 ,NYSE,MKT
JPM,JP Morgan Chase & Co.,12/21/2023,11:29:18,907,748,BUY,$134.08 ,NYSE,MKT
AAPL,Apple Inc.,12/18/2023,11:31:17,240,756,BUY,$160.71 ,NASDAQ,MKT
CAT,Caterpillar Inc.,12/26/2023,11:54:29,455,915,SELL,$218.52 ,NYSE,MKT
CAT,Caterpillar Inc.,1/12/2024,14:46:14,892,644,BUY,$158.61 ,NYSE,MKT
AAPL,Apple Inc.,1/23/2024,10:09:39,682,496,BUY,$192.28 ,NASDAQ,MKT
AAPL,Apple Inc.,1/10/2024,11:25:25,715,101,BUY,$152.92 ,NASDAQ,MKT
AAPL,Apple Inc.,1/16/2024,11:42:52,613,395,SELL,$137.33 ,NASDAQ,MKT
JPM,JP Morgan Chase & Co.,1/5/2024,12:22:16,620,937,BUY,$103.82 ,NYSE,MKT
CAT,Caterpillar Inc.,12/28/2023,11:05:23,988,731,SELL,$224.72 ,NYSE,MKT
AAPL,Apple Inc.,1/23/2024,13:49:18,272,366,SELL,$174.75 ,NASDAQ,MKT
JPM,JP Morgan Chase & Co.,12/20/2023,12:24:46,752,843,SELL,$125.66 ,NYSE,MKT
AAPL,Apple Inc.,12/15/2023,11:57:40,46,554,SELL,$166.37 ,NASDAQ,MKT
JPM,JP Morgan Chase & Co.,12/26/2023,14:33:41,903,376,BUY,$142.98 ,NYSE,MKT
AAPL,Apple Inc.,1/1/2024,11:15:22,282,165,SELL,$189.42 ,NASDAQ,MKT
AAPL,Apple Inc.,12/13/2023,15:00:45,431,111,SELL,$163.43 ,NASDAQ,MKT
AAPL,Apple Inc.,1/5/2024,12:21:37,320,236,BUY,$174.19 ,NASDAQ,MKT
CAT,Caterpillar Inc.,1/22/2024,12:44:25,155,465,SELL,$183.63 ,NYSE,MKT
CAT,Caterpillar Inc.,12/15/2023,14:35:54,867,427,SELL,$169.79 ,NYSE,MKT
CAT,Caterpillar Inc.,12/26/2023,9:08:19,509,575,BUY,$165.56 ,NYSE,MKT
AAPL,Apple Inc.,1/12/2024,11:13:05,57,720,BUY,$178.37 ,NASDAQ,MKT
JPM,JP Morgan Chase & Co.,1/12/2024,14:48:41,660,168,BUY,$113.72 ,NYSE,MKT
JPM,JP Morgan Chase & Co.,12/29/2023,10:00:58,900,909,BUY,$130.73 ,NYSE,MKT
AAPL,Apple Inc.,12/26/2023,12:19:19,939,195,BUY,$146.81 ,NASDAQ,MKT
CAT,Caterpillar Inc.,12/22/2023,12:37:59,939,958,SELL,$200.53 ,NYSE,MKT
CAT,Caterpillar Inc.,1/8/2024,11:19:49,207,762,SELL,$195.12 ,NYSE,MKT
AAPL,Apple Inc.,1/4/2024,10:13:08,839,629,BUY,$138.97 ,NASDAQ,MKT
CAT,Caterpillar Inc.,1/4/2024,15:02:04,590,955,BUY,$187.50 ,NYSE,MKT
AAPL,Apple Inc.,1/18/2024,12:30:34,319,930,SELL,$194.49 ,NASDAQ,MKT
CAT,Caterpillar Inc.,12/28/2023,11:58:53,839,725,BUY,$232.64 ,NYSE,MKT
AAPL,Apple Inc.,12/15/2023,9:43:10,471,628,BUY,$161.10 ,NASDAQ,MKT
JPM,JP Morgan Chase & Co.,12/25/2023,11:12:33,25,182,SELL,$137.23 ,NYSE,MKT
AAPL,Apple Inc.,1/8/2024,12:33:41,115,232,BUY,$131.88 ,NASDAQ,MKT
CAT,Caterpillar Inc.,1/11/2024,11:53:29,584,618,SELL,$221.82 ,NYSE,MKT
JPM,JP Morgan Chase & Co.,1/9/2024,12:26:05,779,690,BUY,$145.33 ,NYSE,MKT
CAT,Caterpillar Inc.,12/12/2023,10:02:04,558,309,SELL,$184.62 ,NYSE,MKT
CAT,Caterpillar Inc.,12/27/2023,10:01:55,236,293,BUY,$210.59 ,NYSE,MKT
JPM,JP Morgan Chase & Co.,1/1/2024,14:49:37,359,280,BUY,$132.71 ,NYSE,MKT
CAT,Caterpillar Inc.,12/19/2023,12:52:04,891,501,BUY,$192.47 ,NYSE,MKT
AAPL,Apple Inc.,1/15/2024,9:46:30,123,798,BUY,$182.25 ,NASDAQ,MKT
AAPL,Apple Inc.,1/2/2024,9:14:08,407,363,SELL,$167.60 ,NASDAQ,MKT
JPM,JP Morgan Chase & Co.,12/13/2023,14:32:40,318,737,BUY,$126.24 ,NYSE,MKT
AAPL,Apple Inc.,1/1/2024,13:13:18,570,711,BUY,$154.58 ,NASDAQ,MKT
AAPL,Apple Inc.,12/25/2023,14:58:21,90,610,BUY,$130.34 ,NASDAQ,MKT
CAT,Caterpillar Inc.,12/22/2023,10:05:47,278,216,BUY,$188.78 ,NYSE,MKT
JPM,JP Morgan Chase & Co.,1/5/2024,14:17:28,484,304,SELL,$134.45 ,NYSE,MKT
AAPL,Apple Inc.,1/5/2024,12:56:27,864,748,SELL,$173.46 ,NASDAQ,MKT
CAT,Caterpillar Inc.,1/4/2024,10:10:45,270,865,SELL,$211.35 ,NYSE,MKT
JPM,JP Morgan Chase & Co.,12/22/2023,12:59:17,613,715,BUY,$146.01 ,NYSE,MKT
JPM,JP Morgan Chase & Co.,1/11/2024,15:24:30,909,343,SELL,$121.40 ,NYSE,MKT
AAPL,Apple Inc.,12/25/2023,9:11:53,998,285,SELL,$186.86 ,NASDAQ,MKT
AAPL,Apple Inc.,1/23/2024,11:47:04,762,505,BUY,$175.81 ,NASDAQ,MKT
CAT,Caterpillar Inc.,1/16/2024,12:16:20,893,776,BUY,$193.20 ,NYSE,MKT
AAPL,Apple Inc.,1/15/2024,13:18:55,957,277,BUY,$179.16 ,NASDAQ,MKT
CAT,Caterpillar Inc.,1/8/2024,9:44:46,865,312,BUY,$154.94 ,NYSE,MKT
AAPL,Apple Inc.,1/22/2024,9:48:32,456,616,BUY,$186.78 ,NASDAQ,MKT
CAT,Caterpillar Inc.,12/25/2023,13:46:32,120,838,BUY,$225.14 ,NYSE,MKT
CAT,Caterpillar Inc.,1/17/2024,12:48:47,189,433,BUY,$241.03 ,NYSE,MKT
AAPL,Apple Inc.,1/8/2024,13:04:20,730,565,BUY,$164.79 ,NASDAQ,MKT
CAT,Caterpillar Inc.,12/28/2023,13:37:42,677,139,SELL,$210.56 ,NYSE,MKT
JPM,JP Morgan Chase & Co.,12/20/2023,14:33:32,73,586,BUY,$116.66 ,NYSE,MKT
CAT,Caterpillar Inc.,1/18/2024,13:58:22,595,347,BUY,$173.72 ,NYSE,MKT
CAT,Caterpillar Inc.,1/23/2024,10:10:18,163,325,BUY,$158.43 ,NYSE,MKT
JPM,JP Morgan Chase & Co.,1/15/2024,12:37:39,691,824,BUY,$151.59 ,NYSE,MKT
AAPL,Apple Inc.,1/4/2024,9:58:39,508,985,SELL,$141.45 ,NASDAQ,MKT
AAPL,Apple Inc.,1/11/2024,15:21:18,588,520,SELL,$174.72 ,NASDAQ,MKT
AAPL,Apple Inc.,12/19/2023,10:04:14,581,321,BUY,$132.42 ,NASDAQ,MKT
CAT,Caterpillar Inc.,1/19/2024,10:45:01,491,705,BUY,$189.65 ,NYSE,MKT
CAT,Caterpillar Inc.,1/4/2024,10:00:33,431,389,SELL,$203.74 ,NYSE,MKT
JPM,JP Morgan Chase & Co.,12/28/2023,10:42:36,127,532,SELL,$116.42 ,NYSE,MKT
JPM,JP Morgan Chase & Co.,12/14/2023,15:33:42,595,522,SELL,$100.50 ,NYSE,MKT
JPM,JP Morgan Chase & Co.,1/1/2024,15:56:04,31,470,SELL,$152.51 ,NYSE,MKT
AAPL,Apple Inc.,1/11/2024,11:01:26,194,310,SELL,$164.64 ,NASDAQ,MKT
CAT,Caterpillar Inc.,1/16/2024,9:32:47,323,868,SELL,$188.26 ,NYSE,MKT
AAPL,Apple Inc.,1/15/2024,14:06:21,260,646,BUY,$199.25 ,NASDAQ,MKT
JPM,JP Morgan Chase & Co.,12/14/2023,15:00:42,771,303,BUY,$126.49 ,NYSE,MKT
AAPL,Apple Inc.,1/2/2024,13:08:07,535,203,BUY,$146.21 ,NASDAQ,MKT
AAPL,Apple Inc.,12/12/2023,15:21:41,315,346,SELL,$131.64 ,NASDAQ,MKT
JPM,JP Morgan Chase & Co.,12/15/2023,9:59:31,157,207,BUY,$158.21 ,NYSE,MKT
AAPL,Apple Inc.,1/19/2024,15:19:14,84,303,SELL,$130.85 ,NASDAQ,MKT
JPM,JP Morgan Chase & Co.,1/16/2024,14:22:36,196,721,SELL,$155.82 ,NYSE,MKT
AAPL,Apple Inc.,12/15/2023,9:20:12,438,596,SELL,$141.88 ,NASDAQ,MKT
AAPL,Apple Inc.,1/16/2024,13:50:00,927,460,SELL,$186.13 ,NASDAQ,MKT
JPM,JP Morgan Chase & Co.,12/21/2023,14:45:13,983,916,SELL,$125.52 ,NYSE,MKT
CAT,Caterpillar Inc.,12/12/2023,14:56:31,711,468,BUY,$175.33 ,NYSE,MKT
AAPL,Apple Inc.,1/10/2024,9:47:15,331,562,SELL,$184.79 ,NASDAQ,MKT
CAT,Caterpillar Inc.,12/28/2023,11:07:00,558,396,BUY,$237.22 ,NYSE,MKT
CAT,Caterpillar Inc.,1/4/2024,14:32:22,845,720,SELL,$151.59 ,NYSE,MKT
AAPL,Apple Inc.,12/28/2023,13:26:42,639,350,SELL,$157.48 ,NASDAQ,MKT
JPM,JP Morgan Chase & Co.,12/28/2023,11:31:39,651,678,SELL,$101.29 ,NYSE,MKT
JPM,JP Morgan Chase & Co.,12/25/2023,10:59:17,927,790,SELL,$149.67 ,NYSE,MKT
CAT,Caterpillar Inc.,12/19/2023,9:43:02,821,459,SELL,$246.18 ,NYSE,MKT
JPM,JP Morgan Chase & Co.,12/14/2023,12:39:23,399,548,BUY,$117.04 ,NYSE,MKT
AAPL,Apple Inc.,12/25/2023,13:26:51,321,129,BUY,$199.47 ,NASDAQ,MKT
CAT,Caterpillar Inc.,12/26/2023,9:51:11,587,146,BUY,$234.71 ,NYSE,MKT
CAT,Caterpillar Inc.,12/13/2023,11:59:01,955,714,SELL,$196.96 ,NYSE,MKT
AAPL,Apple Inc.,1/2/2024,11:01:57,436,316,BUY,$154.90 ,NASDAQ,MKT
AAPL,Apple Inc.,1/19/2024,9:48:38,264,309,SELL,$174.35 ,NASDAQ,MKT
CAT,Caterpillar Inc.,12/29/2023,15:14:17,438,110,SELL,$178.80 ,NYSE,MKT
JPM,JP Morgan Chase & Co.,12/15/2023,9:21:59,134,266,SELL,$101.86 ,NYSE,MKT
AAPL,Apple Inc.,1/8/2024,14:53:13,804,842,BUY,$180.79 ,NASDAQ,MKT
AAPL,Apple Inc.,12/14/2023,9:43:32,951,497,BUY,$150.00 ,NASDAQ,MKT
JPM,JP Morgan Chase & Co.,1/10/2024,11:37:37,844,519,BUY,$122.80 ,NYSE,MKT
CAT,Caterpillar Inc.,1/2/2024,15:02:17,632,471,BUY,$245.60 ,NYSE,MKT
CAT,Caterpillar Inc.,1/5/2024,14:56:22,779,888,BUY,$198.76 ,NYSE,MKT
CAT,Caterpillar Inc.,1/1/2024,10:51:46,908,889,BUY,$175.76 ,NYSE,MKT
AAPL,Apple Inc.,1/8/2024,13:51:47,567,120,BUY,$172.90 ,NASDAQ,MKT
AAPL,Apple Inc.,1/11/2024,13:30:52,627,397,SELL,$160.52 ,NASDAQ,MKT
AAPL,Apple Inc.,1/3/2024,9:58:21,723,836,SELL,$196.30 ,NASDAQ,MKT
CAT,Caterpillar Inc.,1/5/2024,9:05:39,414,852,SELL,$199.79 ,NYSE,MKT
JPM,JP Morgan Chase & Co.,1/16/2024,14:23:23,907,703,SELL,$115.26 ,NYSE,MKT
JPM,JP Morgan Chase & Co.,12/21/2023,12:13:37,846,606,BUY,$158.34 ,NYSE,MKT
AAPL,Apple Inc.,12/26/2023,12:23:45,776,390,SELL,$149.82 ,NASDAQ,MKT
AAPL,Apple Inc.,1/8/2024,9:03:58,326,955,SELL,$163.90 ,NASDAQ,MKT
CAT,Caterpillar Inc.,1/4/2024,13:33:39,967,416,SELL,$185.48 ,NYSE,MKT
CAT,Caterpillar Inc.,1/8/2024,9:51:04,230,454,BUY,$230.95 ,NYSE,MKT
JPM,JP Morgan Chase & Co.,12/12/2023,9:16:45,847,649,SELL,$112.40 ,NYSE,MKT
JPM,JP Morgan Chase & Co.,1/18/2024,9:24:34,719,647,BUY,$113.44 ,NYSE,MKT
CAT,Caterpillar Inc.,12/15/2023,10:21:53,971,441,SELL,$150.21 ,NYSE,MKT
CAT,Caterpillar Inc.,1/5/2024,9:39:33,727,893,SELL,$234.30 ,NYSE,MKT
JPM,JP Morgan Chase & Co.,12/20/2023,9:39:04,207,166,SELL,$129.91 ,NYSE,MKT
JPM,JP Morgan Chase & Co.,1/15/2024,9:36:16,687,212,BUY,$142.08 ,NYSE,MKT
CAT,Caterpillar Inc.,1/5/2024,9:42:47,213,435,SELL,$178.13 ,NYSE,MKT
CAT,Caterpillar Inc.,12/15/2023,13:37:24,748,975,BUY,$193.25 ,NYSE,MKT
AAPL,Apple Inc.,1/18/2024,15:06:03,949,149,BUY,$151.12 ,NASDAQ,MKT
AAPL,Apple Inc.,1/8/2024,10:39:21,606,872,BUY,$196.32 ,NASDAQ,MKT
JPM,JP Morgan Chase & Co.,1/8/2024,11:39:23,963,745,SELL,$104.43 ,NYSE,MKT
CAT,Caterpillar Inc.,1/2/2024,10:08:11,334,563,SELL,$244.04 ,NYSE,MKT
AAPL,Apple Inc.,12/15/2023,13:50:13,592,621,SELL,$131.54 ,NASDAQ,MKT
CAT,Caterpillar Inc.,1/16/2024,13:26:31,866,327,SELL,$178.79 ,NYSE,MKT
JPM,JP Morgan Chase & Co.,1/5/2024,13:25:59,863,795,BUY,$134.88 ,NYSE,MKT
AAPL,Apple Inc.,12/14/2023,12:08:50,182,350,BUY,$181.58 ,NASDAQ,MKT
AAPL,Apple Inc.,12/27/2023,11:24:31,318,954,SELL,$184.81 ,NASDAQ,MKT
JPM,JP Morgan Chase & Co.,1/1/2024,9:18:28,177,592,SELL,$101.07 ,NYSE,MKT
CAT,Caterpillar Inc.,12/12/2023,14:32:22,851,539,SELL,$184.11 ,NYSE,MKT
AAPL,Apple Inc.,1/10/2024,10:43:35,521,221,BUY,$154.21 ,NASDAQ,MKT
CAT,Caterpillar Inc.,12/12/2023,11:32:12,210,451,SELL,$222.50 ,NYSE,MKT
CAT,Caterpillar Inc.,12/19/2023,15:49:03,970,816,BUY,$239.26 ,NYSE,MKT
AAPL,Apple Inc.,12/15/2023,14:11:57,825,816,BUY,$197.51 ,NASDAQ,MKT
AAPL,Apple Inc.,12/20/2023,15:15:20,715,400,SELL,$166.83 ,NASDAQ,MKT
CAT,Caterpillar Inc.,12/28/2023,10:20:08,860,159,BUY,$214.93 ,NYSE,MKT
JPM,JP Morgan Chase & Co.,1/8/2024,10:51:34,344,553,BUY,$106.80 ,NYSE,MKT
CAT,Caterpillar Inc.,12/27/2023,10:56:05,953,834,BUY,$224.78 ,NYSE,MKT
JPM,JP Morgan Chase & Co.,1/2/2024,13:04:54,735,630,BUY,$116.42 ,NYSE,MKT
CAT,Caterpillar Inc.,12/18/2023,14:30:00,686,941,BUY,$200.41 ,NYSE,MKT
JPM,JP Morgan Chase & Co.,1/12/2024,9:26:28,117,224,SELL,$138.38 ,NYSE,MKT
AAPL,Apple Inc.,12/22/2023,15:51:15,234,919,SELL,$156.22 ,NASDAQ,MKT
CAT,Caterpillar Inc.,12/29/2023,10:18:52,130,637,SELL,$154.47 ,NYSE,MKT
AAPL,Apple Inc.,12/29/2023,13:34:56,690,311,BUY,$151.51 ,NASDAQ,MKT
AAPL,Apple Inc.,1/10/2024,14:24:20,172,784,SELL,$170.10 ,NASDAQ,MKT
CAT,Caterpillar Inc.,1/2/2024,15:46:57,613,314,BUY,$170.30 ,NYSE,MKT
JPM,JP Morgan Chase & Co.,12/27/2023,12:53:26,167,651,BUY,$154.28 ,NYSE,MKT
CAT,Caterpillar Inc.,1/1/2024,13:50:31,214,444,SELL,$169.27 ,NYSE,MKT
AAPL,Apple Inc.,1/15/2024,11:39:15,691,280,SELL,$182.35 ,NASDAQ,MKT
CAT,Caterpillar Inc.,12/14/2023,13:02:43,707,460,SELL,$237.44 ,NYSE,MKT
JPM,JP Morgan Chase & Co.,1/15/2024,9:33:23,430,825,SELL,$119.97 ,NYSE,MKT
CAT,Caterpillar Inc.,12/22/2023,11:46:06,931,235,BUY,$162.60 ,NYSE,MKT
JPM,JP Morgan Chase & Co.,1/5/2024,15:28:40,118,664,BUY,$129.02 ,NYSE,MKT
CAT,Caterpillar Inc.,12/18/2023,11:26:12,750,519,BUY,$244.56 ,NYSE,MKT
CAT,Caterpillar Inc.,1/10/2024,14:15:18,83,939,SELL,$229.74 ,NYSE,MKT
AAPL,Apple Inc.,12/27/2023,14:37:20,78,847,BUY,$193.46 ,NASDAQ,MKT
AAPL,Apple Inc.,12/15/2023,9:23:43,302,876,SELL,$174.12 ,NASDAQ,MKT
CAT,Caterpillar Inc.,1/1/2024,14:14:31,767,501,SELL,$192.06 ,NYSE,MKT
JPM,JP Morgan Chase & Co.,12/20/2023,15:32:16,335,247,SELL,$112.69 ,NYSE,MKT
AAPL,Apple Inc.,1/1/2024,10:35:16,416,432,SELL,$177.09 ,NASDAQ,MKT
JPM,JP Morgan Chase & Co.,1/17/2024,14:57:23,956,931,SELL,$148.14 ,NYSE,MKT
CAT,Caterpillar Inc.,1/12/2024,13:39:12,350,889,BUY,$241.45 ,NYSE,MKT
JPM,JP Morgan Chase & Co.,12/27/2023,9:22:34,871,802,SELL,$112.75 ,NYSE,MKT
AAPL,Apple Inc.,12/19/2023,15:17:39,867,420,SELL,$137.42 ,NASDAQ,MKT
AAPL,Apple Inc.,1/17/2024,15:24:27,520,278,BUY,$193.35 ,NASDAQ,MKT
AAPL,Apple Inc.,12/12/2023,12:06:20,546,910,BUY,$177.41 ,NASDAQ,MKT
JPM,JP Morgan Chase & Co.,1/15/2024,12:31:11,625,966,SELL,$107.40 ,NYSE,MKT
CAT,Caterpillar Inc.,12/25/2023,11:16:29,671,151,BUY,$173.36 ,NYSE,MKT
CAT,Caterpillar Inc.,12/12/2023,15:57:05,546,435,BUY,$198.32 ,NYSE,MKT
JPM,JP Morgan Chase & Co.,12/26/2023,11:34:00,514,467,BUY,$146.48 ,NYSE,MKT
CAT,Caterpillar Inc.,12/15/2023,14:17:31,267,590,BUY,$196.56 ,NYSE,MKT
JPM,JP Morgan Chase & Co.,12/15/2023,10:28:51,46,631,SELL,$146.46 ,NYSE,MKT
JPM,JP Morgan Chase & Co.,1/8/2024,15:22:58,770,374,SELL,$136.34 ,NYSE,MKT
AAPL,Apple Inc.,12/20/2023,14:06:58,522,962,SELL,$137.28 ,NASDAQ,MKT
AAPL,Apple Inc.,1/10/2024,12:46:16,275,746,SELL,$176.69 ,NASDAQ,MKT
CAT,Caterpillar Inc.,12/25/2023,9:58:23,165,712,BUY,$227.65 ,NYSE,MKT
CAT,Caterpillar Inc.,12/27/2023,10:32:25,507,708,BUY,$180.54 ,NYSE,MKT
CAT,Caterpillar Inc.,12/20/2023,15:10:04,290,738,SELL,$219.93 ,NYSE,MKT
AAPL,Apple Inc.,1/12/2024,12:33:59,931,763,BUY,$148.93 ,NASDAQ,MKT
AAPL,Apple Inc.,12/20/2023,12:43:43,143,526,BUY,$199.47 ,NASDAQ,MKT
AAPL,Apple Inc.,12/27/2023,10:22:31,24,349,BUY,$158.55 ,NASDAQ,MKT
CAT,Caterpillar Inc.,12/29/2023,11:50:03,867,306,SELL,$231.63 ,NYSE,MKT
JPM,JP Morgan Chase & Co.,12/27/2023,10:03:35,842,491,SELL,$101.01 ,NYSE,MKT
JPM,JP Morgan Chase & Co.,12/19/2023,9:30:18,341,888,SELL,$134.23 ,NYSE,MKT
AAPL,Apple Inc.,12/15/2023,11:20:52,727,658,SELL,$179.85 ,NASDAQ,MKT
CAT,Caterpillar Inc.,12/18/2023,15:02:51,551,940,BUY,$214.34 ,NYSE,MKT
AAPL,Apple Inc.,12/15/2023,10:08:33,502,235,BUY,$162.56 ,NASDAQ,MKT
AAPL,Apple Inc.,1/15/2024,12:49:06,268,358,SELL,$138.08 ,NASDAQ,MKT
JPM,JP Morgan Chase & Co.,12/29/2023,14:29:48,412,857,SELL,$118.44 ,NYSE,MKT
CAT,Caterpillar Inc.,1/5/2024,12:55:19,155,206,SELL,$153.19 ,NYSE,MKT
AAPL,Apple Inc.,12/14/2023,9:44:12,909,428,BUY,$188.20 ,NASDAQ,MKT
CAT,Caterpillar Inc.,12/27/2023,15:22:39,132,891,BUY,$240.60 ,NYSE,MKT
JPM,JP Morgan Chase & Co.,1/11/2024,11:14:51,816,852,BUY,$146.75 ,NYSE,MKT
JPM,JP Morgan Chase & Co.,1/10/2024,10:29:05,656,463,SELL,$137.38 ,NYSE,MKT
AAPL,Apple Inc.,12/22/2023,14:00:55,168,821,BUY,$192.05 ,NASDAQ,MKT
CAT,Caterpillar Inc.,1/2/2024,12:43:48,952,432,BUY,$183.62 ,NYSE,MKT
CAT,Caterpillar Inc.,1/16/2024,15:33:53,175,462,SELL,$186.25 ,NYSE,MKT
JPM,JP Morgan Chase & Co.,1/17/2024,12:38:59,173,872,BUY,$122.91 ,NYSE,MKT
JPM,JP Morgan Chase & Co.,1/16/2024,14:12:12,882,833,BUY,$143.10 ,NYSE,MKT
CAT,Caterpillar Inc.,12/22/2023,15:39:04,556,630,SELL,$209.35 ,NYSE,MKT
CAT,Caterpillar Inc.,12/28/2023,10:46:04,225,802,SELL,$223.70 ,NYSE,MKT
AAPL,Apple Inc.,1/2/2024,13:51:09,594,279,SELL,$155.66 ,NASDAQ,MKT
CAT,Caterpillar Inc.,1/16/2024,15:32:33,996,979,BUY,$167.21 ,NYSE,MKT
JPM,JP Morgan Chase & Co.,1/4/2024,11:59:34,494,371,BUY,$117.66 ,NYSE,MKT
JPM,JP Morgan Chase & Co.,1/23/2024,14:14:24,764,403,BUY,$125.32 ,NYSE,MKT
CAT,Caterpillar Inc.,12/13/2023,10:20:05,836,518,BUY,$220.55 ,NYSE,MKT
AAPL,Apple Inc.,12/21/2023,15:47:03,402,292,BUY,$135.72 ,NASDAQ,MKT
CAT,Caterpillar Inc.,1/2/2024,14:06:12,426,323,BUY,$223.40 ,NYSE,MKT
JPM,JP Morgan Chase & Co.,1/23/2024,15:05:36,881,728,SELL,$128.31 ,NYSE,MKT
JPM,JP Morgan Chase & Co.,12/22/2023,10:07:26,997,807,SELL,$153.37 ,NYSE,MKT
AAPL,Apple Inc.,12/18/2023,13:17:49,713,759,BUY,$136.09 ,NASDAQ,MKT
CAT,Caterpillar Inc.,1/8/2024,13:58:10,737,333,BUY,$185.22 ,NYSE,MKT
JPM,JP Morgan Chase & Co.,12/12/2023,9:55:41,331,574,BUY,$133.95 ,NYSE,MKT
CAT,Caterpillar Inc.,1/16/2024,13:09:00,51,371,SELL,$203.48 ,NYSE,MKT
JPM,JP Morgan Chase & Co.,1/11/2024,13:47:48,783,623,SELL,$100.40 ,NYSE,MKT
JPM,JP Morgan Chase & Co.,12/19/2023,14:27:13,562,398,BUY,$124.09 ,NYSE,MKT
JPM,JP Morgan Chase & Co.,1/12/2024,15:32:33,245,328,SELL,$115.32 ,NYSE,MKT
CAT,Caterpillar Inc.,12/29/2023,11:57:48,627,921,SELL,$242.87 ,NYSE,MKT
JPM,JP Morgan Chase & Co.,1/18/2024,9:40:26,691,706,BUY,$143.14 ,NYSE,MKT
JPM,JP Morgan Chase & Co.,1/12/2024,10:19:38,424,558,SELL,$132.79 ,NYSE,MKT
CAT,Caterpillar Inc.,1/17/2024,10:58:12,832,235,SELL,$189.42 ,NYSE,MKT
JPM,JP Morgan Chase & Co.,12/14/2023,10:05:07,286,382,BUY,$116.79 ,NYSE,MKT
CAT,Caterpillar Inc.,1/23/2024,9:35:08,792,436,SELL,$171.29 ,NYSE,MKT
JPM,JP Morgan Chase & Co.,12/26/2023,11:05:06,659,788,BUY,$157.26 ,NYSE,MKT
CAT,Caterpillar Inc.,1/4/2024,11:30:54,551,502,SELL,$227.29 ,NYSE,MKT
AAPL,Apple Inc.,12/12/2023,11:59:28,242,376,BUY,$163.11 ,NASDAQ,MKT
CAT,Caterpillar Inc.,1/4/2024,10:01:12,47,662,BUY,$218.05 ,NYSE,MKT
CAT,Caterpillar Inc.,1/17/2024,15:05:26,474,189,BUY,$242.48 ,NYSE,MKT
JPM,JP Morgan Chase & Co.,12/26/2023,9:12:10,256,915,SELL,$112.74 ,NYSE,MKT
CAT,Caterpillar Inc.,12/14/2023,14:52:59,556,350,BUY,$220.94 ,NYSE,MKT
JPM,JP Morgan Chase & Co.,1/15/2024,11:41:49,87,760,BUY,$153.06 ,NYSE,MKT
AAPL,Apple Inc.,12/21/2023,10:55:27,923,537,BUY,$135.97 ,NASDAQ,MKT
CAT,Caterpillar Inc.,1/4/2024,9:21:34,91,695,BUY,$161.75 ,NYSE,MKT
AAPL,Apple Inc.,12/15/2023,15:41:37,418,719,SELL,$195.82 ,NASDAQ,MKT
AAPL,Apple Inc.,1/9/2024,13:53:23,710,916,BUY,$138.51 ,NASDAQ,MKT
JPM,JP Morgan Chase & Co.,12/19/2023,15:46:50,169,558,SELL,$109.21 ,NYSE,MKT
JPM,JP Morgan Chase & Co.,1/12/2024,9:46:29,317,174,BUY,$115.66 ,NYSE,MKT
AAPL,Apple Inc.,12/12/2023,15:56:05,809,690,BUY,$180.39 ,NASDAQ,MKT
JPM,JP Morgan Chase & Co.,1/16/2024,12:50:38,372,585,SELL,$120.73 ,NYSE,MKT
AAPL,Apple Inc.,12/21/2023,13:03:57,249,187,BUY,$172.04 ,NASDAQ,MKT
CAT,Caterpillar Inc.,12/15/2023,9:08:26,866,306,SELL,$206.91 ,NYSE,MKT
AAPL,Apple Inc.,12/25/2023,12:04:23,47,600,SELL,$132.61 ,NASDAQ,MKT
JPM,JP Morgan Chase & Co.,12/14/2023,11:20:06,916,707,BUY,$119.33 ,NYSE,MKT
AAPL,Apple Inc.,1/17/2024,15:03:22,907,174,SELL,$192.53 ,NASDAQ,MKT
AAPL,Apple Inc.,12/26/2023,14:42:14,20,722,BUY,$167.11 ,NASDAQ,MKT
JPM,JP Morgan Chase & Co.,12/12/2023,13:27:55,426,228,SELL,$138.38 ,NYSE,MKT
AAPL,Apple Inc.,1/23/2024,13:39:20,547,129,SELL,$183.20 ,NASDAQ,MKT
JPM,JP Morgan Chase & Co.,12/13/2023,15:44:47,728,772,SELL,$119.13 ,NYSE,MKT
CAT,Caterpillar Inc.,1/1/2024,14:24:21,887,383,SELL,$219.70 ,NYSE,MKT
AAPL,Apple Inc.,1/4/2024,9:05:50,508,530,BUY,$136.48 ,NASDAQ,MKT
CAT,Caterpillar Inc.,1/3/2024,11:47:47,421,668,SELL,$209.35 ,NYSE,MKT
CAT,Caterpillar Inc.,1/19/2024,14:20:51,348,676,BUY,$227.12 ,NYSE,MKT
AAPL,Apple Inc.,1/9/2024,12:33:28,483,880,BUY,$165.86 ,NASDAQ,MKT
AAPL,Apple Inc.,1/4/2024,10:55:21,156,867,SELL,$177.38 ,NASDAQ,MKT
AAPL,Apple Inc.,1/15/2024,11:17:13,716,933,SELL,$147.38 ,NASDAQ,MKT
JPM,JP Morgan Chase & Co.,12/20/2023,15:55:33,137,117,BUY,$117.99 ,NYSE,MKT
AAPL,Apple Inc.,12/19/2023,10:02:45,323,563,BUY,$138.64 ,NASDAQ,MKT
AAPL,Apple Inc.,1/16/2024,13:38:47,225,616,BUY,$162.45 ,NASDAQ,MKT
JPM,JP Morgan Chase & Co.,12/13/2023,9:26:03,574,575,BUY,$125.56 ,NYSE,MKT
CAT,Caterpillar Inc.,12/14/2023,15:03:34,733,678,BUY,$247.01 ,NYSE,MKT
CAT,Caterpillar Inc.,1/9/2024,15:48:27,569,343,SELL,$217.74 ,NYSE,MKT
JPM,JP Morgan Chase & Co.,12/25/2023,15:32:46,335,311,BUY,$113.05 ,NYSE,MKT
AAPL,Apple Inc.,12/28/2023,13:15:36,331,131,SELL,$146.39 ,NASDAQ,MKT
CAT,Caterpillar Inc.,1/1/2024,10:02:10,653,635,SELL,$155.60 ,NYSE,MKT
AAPL,Apple Inc.,1/11/2024,11:05:15,755,701,SELL,$146.15 ,NASDAQ,MKT
JPM,JP Morgan Chase & Co.,12/15/2023,11:34:08,121,794,BUY,$148.53 ,NYSE,MKT
JPM,JP Morgan Chase & Co.,12/22/2023,9:20:19,899,935,SELL,$149.61 ,NYSE,MKT
AAPL,Apple Inc.,1/1/2024,15:19:12,980,524,BUY,$133.81 ,NASDAQ,MKT
AAPL,Apple Inc.,1/18/2024,14:13:10,605,151,BUY,$192.79 ,NASDAQ,MKT
CAT,Caterpillar Inc.,1/16/2024,9:15:50,107,848,SELL,$249.10 ,NYSE,MKT
JPM,JP Morgan Chase & Co.,1/11/2024,11:21:28,474,530,SELL,$141.07 ,NYSE,MKT
CAT,Caterpillar Inc.,12/15/2023,11:58:05,68,526,SELL,$223.05 ,NYSE,MKT
AAPL,Apple Inc.,1/3/2024,13:21:43,565,897,SELL,$149.01 ,NASDAQ,MKT
CAT,Caterpillar Inc.,1/23/2024,14:44:49,367,637,BUY,$206.16 ,NYSE,MKT
CAT,Caterpillar Inc.,1/17/2024,9:33:21,998,506,SELL,$152.80 ,NYSE,MKT
CAT,Caterpillar Inc.,12/15/2023,12:38:50,722,779,BUY,$192.06 ,NYSE,MKT
JPM,JP Morgan Chase & Co.,12/27/2023,9:27:03,820,163,SELL,$119.67 ,NYSE,MKT
CAT,Caterpillar Inc.,12/27/2023,11:52:30,509,686,BUY,$185.47 ,NYSE,MKT
JPM,JP Morgan Chase & Co.,12/29/2023,15:01:44,271,132,BUY,$139.34 ,NYSE,MKT
CAT,Caterpillar Inc.,12/25/2023,11:16:19,217,398,SELL,$159.82 ,NYSE,MKT
AAPL,Apple Inc.,1/18/2024,12:33:04,872,361,BUY,$172.44 ,NASDAQ,MKT
JPM,JP Morgan Chase & Co.,12/26/2023,9:30:19,414,486,SELL,$155.55 ,NYSE,MKT
CAT,Caterpillar Inc.,12/21/2023,15:48:33,299,336,BUY,$205.78 ,NYSE,MKT
JPM,JP Morgan Chase & Co.,1/3/2024,12:51:02,962,993,BUY,$153.78 ,NYSE,MKT
AAPL,Apple Inc.,1/1/2024,9:03:01,210,104,SELL,$189.19 ,NASDAQ,MKT
AAPL,Apple Inc.,12/14/2023,12:37:57,16,255,BUY,$166.01 ,NASDAQ,MKT
JPM,JP Morgan Chase & Co.,12/22/2023,15:19:35,829,425,BUY,$154.68 ,NYSE,MKT
JPM,JP Morgan Chase & Co.,1/2/2024,9:01:51,979,873,SELL,$118.28 ,NYSE,MKT
AAPL,Apple Inc.,12/18/2023,9:56:54,407,460,BUY,$167.54 ,NASDAQ,MKT
CAT,Caterpillar Inc.,1/19/2024,9:47:15,68,788,SELL,$233.45 ,NYSE,MKT
AAPL,Apple Inc.,1/2/2024,9:37:47,264,204,SELL,$180.01 ,NASDAQ,MKT
JPM,JP Morgan Chase & Co.,1/11/2024,11:26:46,277,704,BUY,$106.90 ,NYSE,MKT
AAPL,Apple Inc.,12/21/2023,10:03:42,961,649,BUY,$172.25 ,NASDAQ,MKT
AAPL,Apple Inc.,12/28/2023,14:37:28,720,586,BUY,$169.88 ,NASDAQ,MKT
AAPL,Apple Inc.,1/11/2024,15:44:27,118,144,SELL,$136.03 ,NASDAQ,MKT
JPM,JP Morgan Chase & Co.,1/12/2024,10:18:04,541,750,BUY,$116.86 ,NYSE,MKT
JPM,JP Morgan Chase & Co.,1/1/2024,11:30:20,497,554,SELL,$142.93 ,NYSE,MKT
CAT,Caterpillar Inc.,1/22/2024,11:53:04,917,201,BUY,$243.80 ,NYSE,MKT
JPM,JP Morgan Chase & Co.,12/15/2023,15:13:07,179,376,SELL,$118.50 ,NYSE,MKT
JPM,JP Morgan Chase & Co.,1/4/2024,9:08:23,360,397,BUY,$120.42 ,NYSE,MKT
JPM,JP Morgan Chase & Co.,1/11/2024,11:05:42,762,351,SELL,$126.08 ,NYSE,MKT
CAT,Caterpillar Inc.,12/28/2023,12:40:44,454,899,SELL,$180.03 ,NYSE,MKT
AAPL,Apple Inc.,1/5/2024,14:08:06,112,475,BUY,$184.75 ,NASDAQ,MKT
CAT,Caterpillar Inc.,1/4/2024,12:42:28,76,974,SELL,$223.58 ,NYSE,MKT
AAPL,Apple Inc.,1/5/2024,9:49:35,883,671,SELL,$182.96 ,NASDAQ,MKT
AAPL,Apple Inc.,12/20/2023,15:15:57,948,900,SELL,$163.96 ,NASDAQ,MKT
AAPL,Apple Inc.,1/18/2024,14:58:32,615,915,SELL,$163.57 ,NASDAQ,MKT
JPM,JP Morgan Chase & Co.,1/17/2024,13:10:23,798,500,SELL,$129.43 ,NYSE,MKT
CAT,Caterpillar Inc.,12/12/2023,10:30:02,322,227,BUY,$162.95 ,NYSE,MKT
AAPL,Apple Inc.,12/12/2023,9:03:13,529,538,BUY,$135.99 ,NASDAQ,MKT
AAPL,Apple Inc.,12/18/2023,14:52:29,636,346,SELL,$199.26 ,NASDAQ,MKT
CAT,Caterpillar Inc.,1/8/2024,10:14:49,537,115,BUY,$227.31 ,NYSE,MKT
CAT,Caterpillar Inc.,1/18/2024,12:31:44,260,820,BUY,$232.42 ,NYSE,MKT
CAT,Caterpillar Inc.,1/4/2024,13:47:24,528,777,BUY,$172.74 ,NYSE,MKT
CAT,Caterpillar Inc.,1/4/2024,12:46:06,307,626,SELL,$179.20 ,NYSE,MKT
JPM,JP Morgan Chase & Co.,12/27/2023,13:55:19,888,296,BUY,$153.28 ,NYSE,MKT
JPM,JP Morgan Chase & Co.,1/15/2024,15:34:16,90,776,BUY,$146.12 ,NYSE,MKT
CAT,Caterpillar Inc.,1/16/2024,15:06:09,886,509,SELL,$214.77 ,NYSE,MKT
AAPL,Apple Inc.,12/29/2023,10:48:02,512,160,BUY,$184.24 ,NASDAQ,MKT
JPM,JP Morgan Chase & Co.,1/19/2024,15:23:12,273,508,BUY,$133.47 ,NYSE,MKT
CAT,Caterpillar Inc.,12/18/2023,15:13:07,575,665,SELL,$194.01 ,NYSE,MKT
CAT,Caterpillar Inc.,1/18/2024,12:19:20,48,411,BUY,$156.93 ,NYSE,MKT
JPM,JP Morgan Chase & Co.,12/13/2023,11:29:04,327,544,BUY,$140.43 ,NYSE,MKT
JPM,JP Morgan Chase & Co.,1/2/2024,12:38:17,391,924,BUY,$121.97 ,NYSE,MKT
AAPL,Apple Inc.,1/10/2024,11:47:13,832,696,BUY,$130.14 ,NASDAQ,MKT
CAT,Caterpillar Inc.,1/2/2024,9:07:17,910,401,BUY,$172.23 ,NYSE,MKT
AAPL,Apple Inc.,1/11/2024,9:20:20,532,318,SELL,$154.01 ,NASDAQ,MKT
CAT,Caterpillar Inc.,12/21/2023,12:29:54,34,129,BUY,$185.68 ,NYSE,MKT
AAPL,Apple Inc.,1/15/2024,11:11:21,688,476,BUY,$153.51 ,NASDAQ,MKT
CAT,Caterpillar Inc.,12/26/2023,15:26:03,877,634,SELL,$164.43 ,NYSE,MKT
CAT,Caterpillar Inc.,12/22/2023,13:43:52,692,627,BUY,$156.23 ,NYSE,MKT
AAPL,Apple Inc.,1/18/2024,13:00:25,28,718,SELL,$190.59 ,NASDAQ,MKT
JPM,JP Morgan Chase & Co.,1/16/2024,13:42:10,27,209,BUY,$145.85 ,NYSE,MKT
AAPL,Apple Inc.,12/26/2023,12:17:35,683,836,BUY,$165.06 ,NASDAQ,MKT
JPM,JP Morgan Chase & Co.,1/1/2024,13:21:54,329,200,SELL,$102.96 ,NYSE,MKT
CAT,Caterpillar Inc.,1/12/2024,14:00:03,223,160,BUY,$209.17 ,NYSE,MKT
AAPL,Apple Inc.,1/22/2024,15:30:02,18,1000,SELL,$170.95 ,NASDAQ,MKT
CAT,Caterpillar Inc.,1/15/2024,12:35:39,48,255,BUY,$159.80 ,NYSE,MKT
CAT,Caterpillar Inc.,1/8/2024,14:55:01,48,135,BUY,$207.79 ,NYSE,MKT
CAT,Caterpillar Inc.,12/14/2023,15:12:19,452,125,BUY,$154.36 ,NYSE,MKT
AAPL,Apple Inc.,12/25/2023,15:43:56,503,963,SELL,$131.29 ,NASDAQ,MKT
CAT,Caterpillar Inc.,1/10/2024,13:45:42,914,974,SELL,$200.19 ,NYSE,MKT
CAT,Caterpillar Inc.,1/17/2024,14:56:40,201,135,BUY,$168.88 ,NYSE,MKT
AAPL,Apple Inc.,12/27/2023,13:49:14,494,181,BUY,$139.23 ,NASDAQ,MKT
CAT,Caterpillar Inc.,1/5/2024,11:41:35,58,610,BUY,$176.55 ,NYSE,MKT
JPM,JP Morgan Chase & Co.,1/1/2024,9:43:54,770,684,BUY,$120.70 ,NYSE,MKT
JPM,JP Morgan Chase & Co.,1/18/2024,15:56:31,132,827,SELL,$145.00 ,NYSE,MKT
CAT,Caterpillar Inc.,1/17/2024,11:56:43,108,758,BUY,$206.04 ,NYSE,MKT
AAPL,Apple Inc.,12/29/2023,15:44:18,290,828,BUY,$181.53 ,NASDAQ,MKT
JPM,JP Morgan Chase & Co.,12/26/2023,15:28:03,562,675,SELL,$126.22 ,NYSE,MKT
CAT,Caterpillar Inc.,1/16/2024,13:29:42,504,228,SELL,$185.26 ,NYSE,MKT
JPM,JP Morgan Chase & Co.,12/21/2023,15:17:57,605,769,BUY,$111.58 ,NYSE,MKT
JPM,JP Morgan Chase & Co.,12/29/2023,10:35:09,931,496,SELL,$149.14 ,NYSE,MKT
CAT,Caterpillar Inc.,12/12/2023,12:15:03,407,633,SELL,$181.20 ,NYSE,MKT
AAPL,Apple Inc.,12/15/2023,10:32:35,667,958,SELL,$149.72 ,NASDAQ,MKT
AAPL,Apple Inc.,1/11/2024,10:06:08,150,547,SELL,$136.99 ,NASDAQ,MKT
JPM,JP Morgan Chase & Co.,1/16/2024,12:53:55,45,121,BUY,$152.57 ,NYSE,MKT
AAPL,Apple Inc.,12/29/2023,14:01:18,644,930,BUY,$157.70 ,NASDAQ,MKT
CAT,Caterpillar Inc.,12/18/2023,14:36:30,762,748,BUY,$220.18 ,NYSE,MKT
AAPL,Apple Inc.,12/28/2023,14:06:40,708,531,BUY,$144.61 ,NASDAQ,MKT
AAPL,Apple Inc.,1/5/2024,14:34:12,301,200,BUY,$196.89 ,NASDAQ,MKT
JPM,JP Morgan Chase & Co.,12/21/2023,15:09:11,938,478,BUY,$117.31 ,NYSE,MKT
CAT,Caterpillar Inc.,1/16/2024,13:58:11,527,552,SELL,$173.64 ,NYSE,MKT
CAT,Caterpillar Inc.,12/27/2023,14:35:08,568,585,BUY,$181.07 ,NYSE,MKT
JPM,JP Morgan Chase & Co.,12/12/2023,9:22:47,603,475,SELL,$145.66 ,NYSE,MKT
JPM,JP Morgan Chase & Co.,12/15/2023,15:54:01,272,287,SELL,$145.08 ,NYSE,MKT
JPM,JP Morgan Chase & Co.,1/1/2024,11:59:54,18,934,SELL,$142.32 ,NYSE,MKT
CAT,Caterpillar Inc.,1/19/2024,13:43:21,389,624,BUY,$153.32 ,NYSE,MKT
JPM,JP Morgan Chase & Co.,1/12/2024,13:54:40,681,172,BUY,$131.72 ,NYSE,MKT
CAT,Caterpillar Inc.,12/18/2023,15:28:45,991,467,SELL,$162.29 ,NYSE,MKT
AAPL,Apple Inc.,1/9/2024,13:06:48,665,796,BUY,$199.51 ,NASDAQ,MKT
AAPL,Apple Inc.,12/21/2023,10:41:13,619,859,SELL,$171.81 ,NASDAQ,MKT
AAPL,Apple Inc.,1/12/2024,15:58:03,807,383,BUY,$131.94 ,NASDAQ,MKT
JPM,JP Morgan Chase & Co.,12/26/2023,13:39:43,490,132,BUY,$132.02 ,NYSE,MKT
AAPL,Apple Inc.,12/26/2023,13:59:03,544,854,SELL,$158.49 ,NASDAQ,MKT
JPM,JP Morgan Chase & Co.,1/8/2024,10:19:34,749,270,SELL,$136.58 ,NYSE,MKT
AAPL,Apple Inc.,12/15/2023,10:15:26,246,276,SELL,$137.14 ,NASDAQ,MKT
CAT,Caterpillar Inc.,1/10/2024,12:03:18,239,252,SELL,$193.99 ,NYSE,MKT
AAPL,Apple Inc.,1/15/2024,9:47:37,266,903,BUY,$135.69 ,NASDAQ,MKT
CAT,Caterpillar Inc.,1/1/2024,12:17:48,236,630,SELL,$166.91 ,NYSE,MKT
JPM,JP Morgan Chase & Co.,12/13/2023,12:38:44,82,657,SELL,$122.99 ,NYSE,MKT
AAPL,Apple Inc.,12/19/2023,15:00:18,533,311,BUY,$168.67 ,NASDAQ,MKT
AAPL,Apple Inc.,1/15/2024,9:39:50,656,637,BUY,$139.93 ,NASDAQ,MKT
CAT,Caterpillar Inc.,1/4/2024,13:27:06,64,477,BUY,$158.24 ,NYSE,MKT
AAPL,Apple Inc.,12/19/2023,11:31:53,29,628,BUY,$169.74 ,NASDAQ,MKT
JPM,JP Morgan Chase & Co.,12/26/2023,10:58:58,872,706,SELL,$152.19 ,NYSE,MKT
CAT,Caterpillar Inc.,12/21/2023,9:31:31,197,634,BUY,$204.19 ,NYSE,MKT
AAPL,Apple Inc.,1/3/2024,13:17:18,268,621,BUY,$184.90 ,NASDAQ,MKT
AAPL,Apple Inc.,1/17/2024,12:55:10,973,892,SELL,$189.99 ,NASDAQ,MKT
JPM,JP Morgan Chase & Co.,12/28/2023,10:05:13,447,115,BUY,$114.14 ,NYSE,MKT
CAT,Caterpillar Inc.,12/18/2023,13:08:16,662,886,SELL,$246.94 ,NYSE,MKT
CAT,Caterpillar Inc.,1/12/2024,9:13:35,643,531,SELL,$157.88 ,NYSE,MKT
CAT,Caterpillar Inc.,12/27/2023,15:10:00,13,111,SELL,$237.48 ,NYSE,MKT
JPM,JP Morgan Chase & Co.,12/28/2023,9:07:12,240,833,SELL,$107.17 ,NYSE,MKT
CAT,Caterpillar Inc.,12/26/2023,10:00:58,621,433,SELL,$160.59 ,NYSE,MKT
JPM,JP Morgan Chase & Co.,12/29/2023,12:36:17,167,478,SELL,$125.04 ,NYSE,MKT
AAPL,Apple Inc.,1/22/2024,10:47:02,43,653,SELL,$186.26 ,NASDAQ,MKT
AAPL,Apple Inc.,12/14/2023,15:47:38,150,607,SELL,$141.45 ,NASDAQ,MKT
AAPL,Apple Inc.,12/21/2023,9:13:58,894,493,BUY,$178.48 ,NASDAQ,MKT
CAT,Caterpillar Inc.,1/8/2024,13:42:11,513,281,BUY,$174.19 ,NYSE,MKT
AAPL,Apple Inc.,1/3/2024,9:59:48,234,480,SELL,$152.47 ,NASDAQ,MKT
AAPL,Apple Inc.,1/11/2024,13:48:57,91,113,BUY,$132.11 ,NASDAQ,MKT
AAPL,Apple Inc.,1/22/2024,14:22:49,481,955,SELL,$179.50 ,NASDAQ,MKT
AAPL,Apple Inc.,1/3/2024,12:20:56,538,228,BUY,$179.96 ,NASDAQ,MKT
JPM,JP Morgan Chase & Co.,12/15/2023,10:07:07,677,203,BUY,$138.77 ,NYSE,MKT
CAT,Caterpillar Inc.,1/23/2024,12:00:01,25,871,BUY,$249.96 ,NYSE,MKT
JPM,JP Morgan Chase & Co.,1/10/2024,11:10:19,384,845,SELL,$111.44 ,NYSE,MKT
AAPL,Apple Inc.,1/1/2024,10:06:24,203,229,SELL,$161.17 ,NASDAQ,MKT
JPM,JP Morgan Chase & Co.,1/11/2024,13:46:11,161,941,SELL,$117.84 ,NYSE,MKT
AAPL,Apple Inc.,12/14/2023,9:38:13,727,245,BUY,$132.68 ,NASDAQ,MKT
JPM,JP Morgan Chase & Co.,1/15/2024,9:54:13,576,633,BUY,$121.58 ,NYSE,MKT
JPM,JP Morgan Chase & Co.,1/3/2024,15:59:59,783,948,BUY,$133.52 ,NYSE,MKT
AAPL,Apple Inc.,1/1/2024,15:54:14,50,196,BUY,$183.69 ,NASDAQ,MKT
AAPL,Apple Inc.,12/27/2023,10:03:18,723,438,SELL,$137.62 ,NASDAQ,MKT
CAT,Caterpillar Inc.,1/11/2024,15:49:42,123,206,BUY,$184.66 ,NYSE,MKT
JPM,JP Morgan Chase & Co.,12/21/2023,9:08:12,107,402,BUY,$113.99 ,NYSE,MKT
JPM,JP Morgan Chase & Co.,1/1/2024,10:01:44,283,836,SELL,$142.74 ,NYSE,MKT
JPM,JP Morgan Chase & Co.,1/8/2024,12:14:01,457,603,BUY,$140.51 ,NYSE,MKT
JPM,JP Morgan Chase & Co.,1/12/2024,13:58:30,654,401,SELL,$149.71 ,NYSE,MKT
AAPL,Apple Inc.,1/5/2024,15:53:05,94,492,SELL,$180.76 ,NASDAQ,MKT
CAT,Caterpillar Inc.,12/21/2023,10:44:05,847,639,BUY,$228.80 ,NYSE,MKT
AAPL,Apple Inc.,1/12/2024,12:18:57,124,578,SELL,$166.25 ,NASDAQ,MKT
CAT,Caterpillar Inc.,1/5/2024,11:12:59,396,605,BUY,$154.76 ,NYSE,MKT
CAT,Caterpillar Inc.,1/16/2024,15:43:14,834,899,SELL,$205.38 ,NYSE,MKT
CAT,Caterpillar Inc.,12/12/2023,11:45:20,53,511,BUY,$206.51 ,NYSE,MKT
AAPL,Apple Inc.,1/23/2024,14:08:01,362,147,SELL,$198.24 ,NASDAQ,MKT
JPM,JP Morgan Chase & Co.,1/17/2024,15:57:42,400,731,SELL,$110.44 ,NYSE,MKT
JPM,JP Morgan Chase & Co.,1/3/2024,14:17:20,118,220,SELL,$104.99 ,NYSE,MKT
CAT,Caterpillar Inc.,12/28/2023,10:01:14,899,481,BUY,$232.99 ,NYSE,MKT
CAT,Caterpillar Inc.,1/4/2024,12:18:57,350,811,SELL,$206.26 ,NYSE,MKT
AAPL,Apple Inc.,1/16/2024,9:32:58,470,816,BUY,$160.42 ,NASDAQ,MKT
CAT,Caterpillar Inc.,12/13/2023,11:01:56,415,623,BUY,$178.93 ,NYSE,MKT
CAT,Caterpillar Inc.,1/17/2024,9:25:58,274,560,BUY,$222.64 ,NYSE,MKT
JPM,JP Morgan Chase & Co.,12/21/2023,15:56:17,597,455,BUY,$157.48 ,NYSE,MKT
CAT,Caterpillar Inc.,12/14/2023,12:06:56,542,358,BUY,$163.39 ,NYSE,MKT
CAT,Caterpillar Inc.,1/16/2024,9:19:08,552,999,SELL,$155.78 ,NYSE,MKT
JPM,JP Morgan Chase & Co.,1/1/2024,15:10:24,46,250,SELL,$153.53 ,NYSE,MKT
AAPL,Apple Inc.,1/17/2024,14:46:56,287,480,BUY,$139.12 ,NASDAQ,MKT
JPM,JP Morgan Chase & Co.,12/21/2023,15:04:18,253,517,BUY,$144.75 ,NYSE,MKT
CAT,Caterpillar Inc.,1/15/2024,9:32:35,490,818,SELL,$222.00 ,NYSE,MKT
JPM,JP Morgan Chase & Co.,1/10/2024,14:39:57,245,228,BUY,$112.76 ,NYSE,MKT
CAT,Caterpillar Inc.,12/20/2023,9:47:00,522,995,SELL,$160.66 ,NYSE,MKT
CAT,Caterpillar Inc.,1/16/2024,14:50:19,213,749,BUY,$210.90 ,NYSE,MKT
CAT,Caterpillar Inc.,1/16/2024,13:33:06,57,634,SELL,$187.91 ,NYSE,MKT
AAPL,Apple Inc.,1/5/2024,12:52:23,723,544,SELL,$146.78 ,NASDAQ,MKT
AAPL,Apple Inc.,1/5/2024,12:18:09,829,281,SELL,$157.33 ,NASDAQ,MKT
CAT,Caterpillar Inc.,1/12/2024,11:10:51,965,457,BUY,$209.00 ,NYSE,MKT
JPM,JP Morgan Chase & Co.,1/1/2024,15:37:57,730,107,SELL,$158.80 ,NYSE,MKT
JPM,JP Morgan Chase & Co.,12/19/2023,9:29:30,944,772,BUY,$114.97 ,NYSE,MKT
CAT,Caterpillar Inc.,1/18/2024,10:05:21,232,581,BUY,$159.50 ,NYSE,MKT
CAT,Caterpillar Inc.,1/16/2024,10:00:32,182,483,BUY,$202.18 ,NYSE,MKT
JPM,JP Morgan Chase & Co.,1/19/2024,13:34:32,886,904,SELL,$106.14 ,NYSE,MKT
AAPL,Apple Inc.,1/5/2024,10:20:16,862,293,BUY,$195.51 ,NASDAQ,MKT
CAT,Caterpillar Inc.,1/4/2024,10:20:23,411,937,SELL,$205.44 ,NYSE,MKT
CAT,Caterpillar Inc.,1/4/2024,11:45:28,990,482,SELL,$198.43 ,NYSE,MKT
JPM,JP Morgan Chase & Co.,12/15/2023,9:46:01,405,456,BUY,$139.99 ,NYSE,MKT
CAT,Caterpillar Inc.,12/29/2023,11:59:52,894,255,SELL,$243.04 ,NYSE,MKT
CAT,Caterpillar Inc.,12/25/2023,10:17:28,211,598,BUY,$199.96 ,NYSE,MKT
JPM,JP Morgan Chase & Co.,12/14/2023,9:07:02,546,410,SELL,$118.66 ,NYSE,MKT
AAPL,Apple Inc.,1/1/2024,9:18:35,345,311,SELL,$167.24 ,NASDAQ,MKT
CAT,Caterpillar Inc.,1/9/2024,9:07:36,387,186,SELL,$208.52 ,NYSE,MKT
CAT,Caterpillar Inc.,1/15/2024,14:33:27,395,911,SELL,$164.76 ,NYSE,MKT
CAT,Caterpillar Inc.,12/14/2023,9:13:28,665,432,SELL,$245.55 ,NYSE,MKT
AAPL,Apple Inc.,12/28/2023,13:59:35,49,829,SELL,$177.31 ,NASDAQ,MKT
CAT,Caterpillar Inc.,12/13/2023,13:12:02,722,379,SELL,$238.30 ,NYSE,MKT
AAPL,Apple Inc.,12/27/2023,14:14:47,211,810,SELL,$131.56 ,NASDAQ,MKT
CAT,Caterpillar Inc.,1/19/2024,10:05:57,303,161,BUY,$151.43 ,NYSE,MKT
AAPL,Apple Inc.,12/12/2023,11:34:42,668,725,BUY,$191.71 ,NASDAQ,MKT
JPM,JP Morgan Chase & Co.,12/12/2023,10:00:38,833,735,BUY,$139.28 ,NYSE,MKT
JPM,JP Morgan Chase & Co.,1/9/2024,9:05:53,19,675,BUY,$127.91 ,NYSE,MKT
AAPL,Apple Inc.,1/3/2024,13:29:16,359,702,BUY,$137.47 ,NASDAQ,MKT
JPM,JP Morgan Chase & Co.,12/13/2023,13:52:46,127,239,SELL,$113.69 ,NYSE,MKT
JPM,JP Morgan Chase & Co.,12/27/2023,9:55:01,664,196,SELL,$153.36 ,NYSE,MKT
CAT,Caterpillar Inc.,12/26/2023,10:05:43,551,804,BUY,$155.01 ,NYSE,MKT
AAPL,Apple Inc.,12/25/2023,10:41:18,726,553,BUY,$167.43 ,NASDAQ,MKT
CAT,Caterpillar Inc.,1/17/2024,15:56:09,685,808,SELL,$212.65 ,NYSE,MKT
CAT,Caterpillar Inc.,12/12/2023,12:02:01,960,530,SELL,$157.05 ,NYSE,MKT
CAT,Caterpillar Inc.,1/23/2024,13:50:32,352,116,SELL,$204.99 ,NYSE,MKT
JPM,JP Morgan Chase & Co.,1/22/2024,15:16:38,298,462,SELL,$110.43 ,NYSE,MKT
CAT,Caterpillar Inc.,1/3/2024,10:59:16,553,691,BUY,$153.68 ,NYSE,MKT
AAPL,Apple Inc.,12/14/2023,13:44:30,240,247,SELL,$194.18 ,NASDAQ,MKT
AAPL,Apple Inc.,12/20/2023,9:18:14,44,604,BUY,$176.54 ,NASDAQ,MKT
AAPL,Apple Inc.,12/20/2023,9:16:07,584,964,BUY,$136.15 ,NASDAQ,MKT
AAPL,Apple Inc.,12/15/2023,13:03:28,962,175,SELL,$167.61 ,NASDAQ,MKT
CAT,Caterpillar Inc.,12/19/2023,15:16:00,203,587,BUY,$162.62 ,NYSE,MKT
CAT,Caterpillar Inc.,1/4/2024,12:10:57,338,385,BUY,$246.77 ,NYSE,MKT
JPM,JP Morgan Chase & Co.,12/28/2023,15:15:25,547,457,SELL,$126.59 ,NYSE,MKT
JPM,JP Morgan Chase & Co.,12/12/2023,15:51:07,423,528,BUY,$114.01 ,NYSE,MKT
CAT,Caterpillar Inc.,1/11/2024,10:19:38,351,496,BUY,$231.91 ,NYSE,MKT
CAT,Caterpillar Inc.,12/27/2023,11:29:17,910,397,BUY,$239.32 ,NYSE,MKT
CAT,Caterpillar Inc.,1/5/2024,12:52:21,714,178,SELL,$246.99 ,NYSE,MKT
CAT,Caterpillar Inc.,12/22/2023,13:07:39,958,264,SELL,$219.31 ,NYSE,MKT
JPM,JP Morgan Chase & Co.,12/22/2023,14:30:10,754,976,SELL,$133.95 ,NYSE,MKT
CAT,Caterpillar Inc.,12/19/2023,13:31:33,96,680,BUY,$195.62 ,NYSE,MKT
AAPL,Apple Inc.,1/1/2024,14:06:46,360,819,SELL,$157.07 ,NASDAQ,MKT
AAPL,Apple Inc.,1/23/2024,13:28:22,607,894,BUY,$150.36 ,NASDAQ,MKT
JPM,JP Morgan Chase & Co.,12/19/2023,9:05:17,215,759,SELL,$157.97 ,NYSE,MKT
JPM,JP Morgan Chase & Co.,1/4/2024,12:08:28,422,621,SELL,$154.50 ,NYSE,MKT
AAPL,Apple Inc.,1/11/2024,15:51:02,493,197,SELL,$197.13 ,NASDAQ,MKT
JPM,JP Morgan Chase & Co.,12/29/2023,12:37:00,690,270,SELL,$153.59 ,NYSE,MKT
CAT,Caterpillar Inc.,1/10/2024,10:38:07,974,976,SELL,$192.67 ,NYSE,MKT
AAPL,Apple Inc.,12/15/2023,9:23:10,898,103,SELL,$179.59 ,NASDAQ,MKT
JPM,JP Morgan Chase & Co.,1/23/2024,14:54:04,50,908,BUY,$134.30 ,NYSE,MKT
AAPL,Apple Inc.,12/26/2023,10:59:00,672,486,BUY,$134.44 ,NASDAQ,MKT
AAPL,Apple Inc.,12/12/2023,10:08:37,501,986,BUY,$163.06 ,NASDAQ,MKT
JPM,JP Morgan Chase & Co.,12/13/2023,14:23:18,693,852,BUY,$152.96 ,NYSE,MKT
CAT,Caterpillar Inc.,12/28/2023,11:22:10,89,770,BUY,$196.45 ,NYSE,MKT
CAT,Caterpillar Inc.,12/22/2023,11:29:08,825,710,BUY,$202.99 ,NYSE,MKT
CAT,Caterpillar Inc.,12/29/2023,15:58:29,445,769,SELL,$198.88 ,NYSE,MKT
CAT,Caterpillar Inc.,12/18/2023,9:05:56,887,746,BUY,$172.13 ,NYSE,MKT
AAPL,Apple Inc.,1/16/2024,14:27:04,757,303,SELL,$132.23 ,NASDAQ,MKT
AAPL,Apple Inc.,1/22/2024,15:06:41,247,364,BUY,$196.72 ,NASDAQ,MKT
JPM,JP Morgan Chase & Co.,1/11/2024,11:44:54,781,184,SELL,$120.01 ,NYSE,MKT
CAT,Caterpillar Inc.,1/5/2024,10:43:26,619,270,BUY,$223.49 ,NYSE,MKT
JPM,JP Morgan Chase & Co.,1/19/2024,14:59:16,585,776,SELL,$102.49 ,NYSE,MKT
AAPL,Apple Inc.,1/12/2024,11:48:48,127,272,BUY,$176.22 ,NASDAQ,MKT
AAPL,Apple Inc.,12/12/2023,15:41:02,520,448,BUY,$134.75 ,NASDAQ,MKT
AAPL,Apple Inc.,1/17/2024,14:50:45,805,271,SELL,$150.49 ,NASDAQ,MKT
AAPL,Apple Inc.,1/1/2024,9:53:12,779,419,BUY,$182.43 ,NASDAQ,MKT
AAPL,Apple Inc.,1/4/2024,12:51:49,560,345,SELL,$190.48 ,NASDAQ,MKT
AAPL,Apple Inc.,12/26/2023,11:28:30,32,501,BUY,$138.91 ,NASDAQ,MKT
CAT,Caterpillar Inc.,1/15/2024,13:54:31,733,213,SELL,$234.87 ,NYSE,MKT
CAT,Caterpillar Inc.,12/14/2023,15:05:59,840,138,SELL,$208.92 ,NYSE,MKT
JPM,JP Morgan Chase & Co.,12/21/2023,11:01:00,815,659,BUY,$138.20 ,NYSE,MKT
AAPL,Apple Inc.,1/5/2024,10:54:08,638,119,BUY,$199.41 ,NASDAQ,MKT
AAPL,Apple Inc.,12/14/2023,11:29:03,338,472,BUY,$151.30 ,NASDAQ,MKT
JPM,JP Morgan Chase & Co.,1/18/2024,12:28:50,732,211,SELL,$118.23 ,NYSE,MKT
AAPL,Apple Inc.,12/22/2023,12:06:06,272,897,BUY,$187.22 ,NASDAQ,MKT
CAT,Caterpillar Inc.,12/20/2023,14:35:10,858,930,SELL,$195.04 ,NYSE,MKT
AAPL,Apple Inc.,12/21/2023,15:49:10,720,721,BUY,$135.13 ,NASDAQ,MKT
CAT,Caterpillar Inc.,12/12/2023,14:26:56,770,348,SELL,$211.36 ,NYSE,MKT
AAPL,Apple Inc.,12/14/2023,9:39:03,419,262,SELL,$191.33 ,NASDAQ,MKT
CAT,Caterpillar Inc.,1/15/2024,14:37:15,510,196,BUY,$211.92 ,NYSE,MKT
CAT,Caterpillar Inc.,12/25/2023,12:56:51,736,708,SELL,$161.01 ,NYSE,MKT
CAT,Caterpillar Inc.,12/15/2023,10:32:35,967,721,SELL,$219.77 ,NYSE,MKT
CAT,Caterpillar Inc.,1/4/2024,15:58:05,858,476,SELL,$195.27 ,NYSE,MKT
AAPL,Apple Inc.,1/4/2024,15:16:44,291,893,BUY,$183.29 ,NASDAQ,MKT
CAT,Caterpillar Inc.,12/13/2023,10:48:20,793,846,BUY,$207.38 ,NYSE,MKT
JPM,JP Morgan Chase & Co.,1/4/2024,13:50:18,683,306,BUY,$104.58 ,NYSE,MKT
JPM,JP Morgan Chase & Co.,12/27/2023,11:04:07,423,187,BUY,$113.95 ,NYSE,MKT
AAPL,Apple Inc.,1/3/2024,10:37:54,311,513,SELL,$185.89 ,NASDAQ,MKT
JPM,JP Morgan Chase & Co.,1/2/2024,9:04:34,701,442,SELL,$108.15 ,NYSE,MKT
JPM,JP Morgan Chase & Co.,1/18/2024,15:07:46,584,417,BUY,$124.57 ,NYSE,MKT
CAT,Caterpillar Inc.,12/15/2023,11:57:23,281,832,BUY,$165.62 ,NYSE,MKT
CAT,Caterpillar Inc.,12/14/2023,10:42:06,706,537,BUY,$173.49 ,NYSE,MKT
CAT,Caterpillar Inc.,1/11/2024,12:11:46,981,279,SELL,$156.30 ,NYSE,MKT
JPM,JP Morgan Chase & Co.,1/9/2024,9:39:36,225,135,SELL,$155.41 ,NYSE,MKT
JPM,JP Morgan Chase & Co.,12/13/2023,9:48:04,358,201,BUY,$102.49 ,NYSE,MKT
AAPL,Apple Inc.,12/29/2023,15:43:28,562,156,SELL,$178.18 ,NASDAQ,MKT
CAT,Caterpillar Inc.,12/18/2023,10:14:10,501,551,BUY,$219.53 ,NYSE,MKT
JPM,JP Morgan Chase & Co.,12/15/2023,9:19:59,58,937,SELL,$132.78 ,NYSE,MKT
CAT,Caterpillar Inc.,1/15/2024,11:09:48,566,588,BUY,$243.03 ,NYSE,MKT
JPM,JP Morgan Chase & Co.,1/16/2024,14:08:55,813,723,BUY,$141.31 ,NYSE,MKT
JPM,JP Morgan Chase & Co.,1/17/2024,11:20:26,29,333,BUY,$106.52 ,NYSE,MKT
CAT,Caterpillar Inc.,1/18/2024,15:35:22,880,713,BUY,$208.11 ,NYSE,MKT
AAPL,Apple Inc.,12/12/2023,10:21:19,121,876,BUY,$189.98 ,NASDAQ,MKT
CAT,Caterpillar Inc.,1/1/2024,15:33:48,322,425,BUY,$170.60 ,NYSE,MKT
JPM,JP Morgan Chase & Co.,12/26/2023,12:25:29,392,729,SELL,$104.09 ,NYSE,MKT
CAT,Caterpillar Inc.,1/3/2024,12:06:28,803,453,BUY,$170.92 ,NYSE,MKT
AAPL,Apple Inc.,12/27/2023,15:47:41,651,370,BUY,$158.71 ,NASDAQ,MKT
CAT,Caterpillar Inc.,1/18/2024,10:39:22,707,239,BUY,$200.09 ,NYSE,MKT
AAPL,Apple Inc.,1/17/2024,13:22:19,670,117,BUY,$166.12 ,NASDAQ,MKT
CAT,Caterpillar Inc.,12/21/2023,12:48:54,534,844,SELL,$179.76 ,NYSE,MKT
JPM,JP Morgan Chase & Co.,12/20/2023,12:56:06,485,305,BUY,$150.21 ,NYSE,MKT
CAT,Caterpillar Inc.,12/25/2023,10:22:35,813,287,SELL,$172.68 ,NYSE,MKT
JPM,JP Morgan Chase & Co.,1/17/2024,12:01:48,716,177,BUY,$113.13 ,NYSE,MKT
JPM,JP Morgan Chase & Co.,1/4/2024,11:09:15,509,197,SELL,$133.56 ,NYSE,MKT
CAT,Caterpillar Inc.,12/27/2023,9:19:15,861,417,BUY,$161.41 ,NYSE,MKT
JPM,JP Morgan Chase & Co.,1/18/2024,11:24:34,687,147,SELL,$117.31 ,NYSE,MKT
JPM,JP Morgan Chase & Co.,12/14/2023,15:31:44,973,202,SELL,$129.66 ,NYSE,MKT
CAT,Caterpillar Inc.,1/22/2024,10:56:25,183,689,SELL,$182.99 ,NYSE,MKT
AAPL,Apple Inc.,1/23/2024,14:33:52,304,304,BUY,$132.89 ,NASDAQ,MKT
AAPL,Apple Inc.,1/15/2024,15:41:03,594,986,BUY,$160.03 ,NASDAQ,MKT
CAT,Caterpillar Inc.,1/5/2024,10:10:49,797,956,SELL,$186.75 ,NYSE,MKT
CAT,Caterpillar Inc.,1/16/2024,11:15:02,40,671,BUY,$156.06 ,NYSE,MKT
CAT,Caterpillar Inc.,1/9/2024,15:23:42,958,689,SELL,$169.92 ,NYSE,MKT
JPM,JP Morgan Chase & Co.,12/18/2023,14:02:54,884,470,BUY,$136.66 ,NYSE,MKT
CAT,Caterpillar Inc.,1/8/2024,11:53:23,624,474,BUY,$240.18 ,NYSE,MKT
JPM,JP Morgan Chase & Co.,12/18/2023,14:25:46,455,683,SELL,$155.48 ,NYSE,MKT
AAPL,Apple Inc.,12/14/2023,13:10:26,395,831,BUY,$165.37 ,NASDAQ,MKT
AAPL,Apple Inc.,1/15/2024,15:13:03,598,964,BUY,$162.52 ,NASDAQ,MKT
CAT,Caterpillar Inc.,12/26/2023,10:42:48,200,906,SELL,$198.53 ,NYSE,MKT
CAT,Caterpillar Inc.,12/26/2023,15:47:06,958,234,SELL,$213.84 ,NYSE,MKT
CAT,Caterpillar Inc.,12/21/2023,15:50:08,367,343,SELL,$239.23 ,NYSE,MKT
AAPL,Apple Inc.,1/18/2024,15:07:41,583,835,BUY,$134.10 ,NASDAQ,MKT
AAPL,Apple Inc.,1/4/2024,10:33:26,943,835,BUY,$135.08 ,NASDAQ,MKT
AAPL,Apple Inc.,1/5/2024,9:12:28,585,138,BUY,$189.48 ,NASDAQ,MKT
JPM,JP Morgan Chase & Co.,1/9/2024,15:06:58,520,815,BUY,$147.63 ,NYSE,MKT
JPM,JP Morgan Chase & Co.,1/11/2024,10:46:00,501,915,BUY,$143.52 ,NYSE,MKT
CAT,Caterpillar Inc.,12/19/2023,14:27:35,510,846,BUY,$157.37 ,NYSE,MKT
AAPL,Apple Inc.,12/15/2023,12:28:40,435,343,SELL,$193.58 ,NASDAQ,MKT
AAPL,Apple Inc.,1/16/2024,14:44:49,936,378,SELL,$163.83 ,NASDAQ,MKT
JPM,JP Morgan Chase & Co.,1/22/2024,14:35:04,336,270,BUY,$100.81 ,NYSE,MKT
AAPL,Apple Inc.,12/14/2023,15:45:37,622,865,BUY,$196.48 ,NASDAQ,MKT
JPM,JP Morgan Chase & Co.,12/14/2023,10:27:51,217,839,SELL,$112.24 ,NYSE,MKT
AAPL,Apple Inc.,12/29/2023,9:05:37,127,402,BUY,$138.92 ,NASDAQ,MKT
CAT,Caterpillar Inc.,12/15/2023,10:44:12,510,855,BUY,$212.64 ,NYSE,MKT
AAPL,Apple Inc.,1/22/2024,13:53:41,99,899,BUY,$152.41 ,NASDAQ,MKT
CAT,Caterpillar Inc.,12/12/2023,13:28:45,44,903,SELL,$199.65 ,NYSE,MKT
CAT,Caterpillar Inc.,1/1/2024,14:13:17,257,457,BUY,$218.74 ,NYSE,MKT
CAT,Caterpillar Inc.,12/28/2023,11:37:21,479,323,SELL,$248.22 ,NYSE,MKT
CAT,Caterpillar Inc.,1/17/2024,12:57:18,433,742,BUY,$194.56 ,NYSE,MKT
AAPL,Apple Inc.,1/15/2024,11:28:05,383,213,BUY,$174.60 ,NASDAQ,MKT
JPM,JP Morgan Chase & Co.,1/9/2024,10:28:50,675,547,SELL,$150.06 ,NYSE,MKT
CAT,Caterpillar Inc.,1/23/2024,9:35:28,24,139,SELL,$214.82 ,NYSE,MKT
JPM,JP Morgan Chase & Co.,1/1/2024,11:45:02,756,588,SELL,$136.92 ,NYSE,MKT
JPM,JP Morgan Chase & Co.,1/18/2024,12:40:39,93,647,BUY,$150.07 ,NYSE,MKT
JPM,JP Morgan Chase & Co.,1/11/2024,9:39:25,329,793,BUY,$125.16 ,NYSE,MKT
CAT,Caterpillar Inc.,1/22/2024,12:27:17,240,671,SELL,$216.66 ,NYSE,MKT
CAT,Caterpillar Inc.,1/10/2024,15:57:57,870,546,BUY,$166.42 ,NYSE,MKT
AAPL,Apple Inc.,1/5/2024,14:43:57,126,974,BUY,$137.72 ,NASDAQ,MKT
CAT,Caterpillar Inc.,12/21/2023,11:49:47,780,200,SELL,$204.49 ,NYSE,MKT
CAT,Caterpillar Inc.,1/19/2024,11:01:58,413,312,BUY,$150.81 ,NYSE,MKT
CAT,Caterpillar Inc.,1/12/2024,13:37:11,441,495,SELL,$177.45 ,NYSE,MKT
CAT,Caterpillar Inc.,12/21/2023,13:48:44,651,493,BUY,$217.27 ,NYSE,MKT
JPM,JP Morgan Chase & Co.,1/3/2024,14:56:48,163,486,SELL,$137.64 ,NYSE,MKT
JPM,JP Morgan Chase & Co.,1/22/2024,11:57:37,117,434,SELL,$130.07 ,NYSE,MKT
JPM,JP Morgan Chase & Co.,12/15/2023,15:48:36,22,130,BUY,$127.92 ,NYSE,MKT
JPM,JP Morgan Chase & Co.,1/12/2024,11:02:41,272,945,BUY,$137.46 ,NYSE,MKT
JPM,JP Morgan Chase & Co.,1/10/2024,12:43:09,803,238,SELL,$146.53 ,NYSE,MKT
AAPL,Apple Inc.,12/29/2023,13:42:18,472,488,BUY,$165.70 ,NASDAQ,MKT
AAPL,Apple Inc.,12/19/2023,11:15:58,454,359,SELL,$132.43 ,NASDAQ,MKT
AAPL,Apple Inc.,12/27/2023,11:04:49,342,924,SELL,$145.26 ,NASDAQ,MKT
AAPL,Apple Inc.,1/17/2024,14:20:26,160,343,BUY,$135.46 ,NASDAQ,MKT
AAPL,Apple Inc.,12/18/2023,14:22:36,349,849,BUY,$175.81 ,NASDAQ,MKT
AAPL,Apple Inc.,12/21/2023,10:43:53,151,332,BUY,$182.72 ,NASDAQ,MKT
JPM,JP Morgan Chase & Co.,1/12/2024,10:22:56,725,301,BUY,$153.63 ,NYSE,MKT
AAPL,Apple Inc.,1/2/2024,15:37:26,387,980,SELL,$172.33 ,NASDAQ,MKT
AAPL,Apple Inc.,1/15/2024,11:08:24,692,397,SELL,$193.61 ,NASDAQ,MKT
JPM,JP Morgan Chase & Co.,1/2/2024,9:13:07,217,882,SELL,$118.46 ,NYSE,MKT
CAT,Caterpillar Inc.,12/13/2023,9:19:24,972,621,BUY,$200.92 ,NYSE,MKT
JPM,JP Morgan Chase & Co.,1/19/2024,14:37:32,105,420,BUY,$125.75 ,NYSE,MKT
AAPL,Apple Inc.,12/15/2023,13:02:41,966,567,BUY,$198.44 ,NASDAQ,MKT
CAT,Caterpillar Inc.,1/16/2024,12:00:49,271,122,BUY,$189.90 ,NYSE,MKT
AAPL,Apple Inc.,1/22/2024,11:52:47,965,285,BUY,$177.00 ,NASDAQ,MKT
CAT,Caterpillar Inc.,1/17/2024,10:26:15,926,977,SELL,$171.73 ,NYSE,MKT
JPM,JP Morgan Chase & Co.,1/3/2024,9:18:49,290,978,SELL,$122.84 ,NYSE,MKT
CAT,Caterpillar Inc.,1/17/2024,13:04:05,167,214,BUY,$242.20 ,NYSE,MKT
JPM,JP Morgan Chase & Co.,12/14/2023,11:01:45,197,632,SELL,$144.64 ,NYSE,MKT
CAT,Caterpillar Inc.,1/15/2024,9:18:14,672,194,BUY,$150.64 ,NYSE,MKT
CAT,Caterpillar Inc.,1/2/2024,12:21:22,792,967,BUY,$192.40 ,NYSE,MKT
AAPL,Apple Inc.,12/14/2023,11:14:06,72,542,BUY,$186.74 ,NASDAQ,MKT
CAT,Caterpillar Inc.,1/9/2024,12:53:22,884,117,SELL,$235.84 ,NYSE,MKT
JPM,JP Morgan Chase & Co.,1/17/2024,14:12:36,174,714,BUY,$137.95 ,NYSE,MKT
AAPL,Apple Inc.,1/8/2024,9:02:36,558,972,BUY,$184.16 ,NASDAQ,MKT
AAPL,Apple Inc.,12/25/2023,12:40:45,400,514,SELL,$157.27 ,NASDAQ,MKT
AAPL,Apple Inc.,12/14/2023,11:59:01,186,221,SELL,$158.74 ,NASDAQ,MKT
AAPL,Apple Inc.,12/25/2023,9:55:46,31,771,BUY,$173.37 ,NASDAQ,MKT
AAPL,Apple Inc.,1/3/2024,12:56:26,716,903,BUY,$190.39 ,NASDAQ,MKT
CAT,Caterpillar Inc.,12/13/2023,13:27:14,826,919,BUY,$226.50 ,NYSE,MKT
AAPL,Apple Inc.,12/29/2023,14:44:48,39,509,SELL,$150.48 ,NASDAQ,MKT
CAT,Caterpillar Inc.,1/16/2024,11:43:54,386,895,SELL,$207.27 ,NYSE,MKT
JPM,JP Morgan Chase & Co.,1/11/2024,11:55:04,853,794,BUY,$111.50 ,NYSE,MKT
JPM,JP Morgan Chase & Co.,1/23/2024,14:53:51,468,743,SELL,$112.57 ,NYSE,MKT
AAPL,Apple Inc.,1/8/2024,11:02:57,354,450,BUY,$141.03 ,NASDAQ,MKT
AAPL,Apple Inc.,12/27/2023,15:33:49,655,690,BUY,$132.87 ,NASDAQ,MKT
AAPL,Apple Inc.,12/20/2023,14:52:51,410,886,SELL,$164.66 ,NASDAQ,MKT
CAT,Caterpillar Inc.,12/25/2023,12:49:28,206,920,SELL,$158.40 ,NYSE,MKT
AAPL,Apple Inc.,1/3/2024,9:19:38,849,798,BUY,$151.13 ,NASDAQ,MKT
CAT,Caterpillar Inc.,12/19/2023,15:05:15,574,490,BUY,$184.98 ,NYSE,MKT
JPM,JP Morgan Chase & Co.,1/4/2024,13:18:02,936,367,SELL,$146.31 ,NYSE,MKT
AAPL,Apple Inc.,1/10/2024,10:54:28,904,182,BUY,$180.11 ,NASDAQ,MKT
AAPL,Apple Inc.,1/16/2024,11:53:45,529,354,SELL,$155.49 ,NASDAQ,MKT
JPM,JP Morgan Chase & Co.,12/12/2023,10:03:10,61,389,SELL,$134.08 ,NYSE,MKT
AAPL,Apple Inc.,12/26/2023,14:35:27,848,875,BUY,$131.76 ,NASDAQ,MKT
JPM,JP Morgan Chase & Co.,1/2/2024,11:31:03,22,429,BUY,$139.85 ,NYSE,MKT
CAT,Caterpillar Inc.,1/11/2024,12:31:42,491,833,SELL,$207.88 ,NYSE,MKT
AAPL,Apple Inc.,1/22/2024,10:18:41,400,758,SELL,$144.12 ,NASDAQ,MKT
JPM,JP Morgan Chase & Co.,1/10/2024,9:02:42,900,195,BUY,$127.45 ,NYSE,MKT
JPM,JP Morgan Chase & Co.,12/15/2023,15:05:37,894,767,SELL,$144.67 ,NYSE,MKT
AAPL,Apple Inc.,12/21/2023,12:06:39,135,382,BUY,$131.67 ,NASDAQ,MKT
AAPL,Apple Inc.,1/23/2024,12:11:14,11,445,SELL,$138.21 ,NASDAQ,MKT
JPM,JP Morgan Chase & Co.,1/12/2024,9:31:14,307,660,SELL,$109.96 ,NYSE,MKT
AAPL,Apple Inc.,12/27/2023,10:07:03,154,723,BUY,$145.78 ,NASDAQ,MKT
JPM,JP Morgan Chase & Co.,12/20/2023,14:51:22,797,822,BUY,$106.42 ,NYSE,MKT
JPM,JP Morgan Chase & Co.,1/19/2024,14:48:41,165,610,BUY,$140.06 ,NYSE,MKT
CAT,Caterpillar Inc.,12/19/2023,9:34:50,474,592,SELL,$189.20 ,NYSE,MKT
AAPL,Apple Inc.,12/14/2023,13:11:48,272,685,SELL,$144.65 ,NASDAQ,MKT
CAT,Caterpillar Inc.,1/11/2024,9:22:10,421,343,SELL,$173.00 ,NYSE,MKT
CAT,Caterpillar Inc.,12/15/2023,10:47:07,144,655,SELL,$223.59 ,NYSE,MKT
AAPL,Apple Inc.,12/12/2023,10:34:37,841,812,SELL,$137.26 ,NASDAQ,MKT
CAT,Caterpillar Inc.,12/14/2023,12:17:29,197,800,BUY,$220.51 ,NYSE,MKT
CAT,Caterpillar Inc.,12/21/2023,13:23:55,485,623,SELL,$202.62 ,NYSE,MKT
CAT,Caterpillar Inc.,12/13/2023,12:28:34,471,145,BUY,$212.59 ,NYSE,MKT
CAT,Caterpillar Inc.,12/20/2023,10:53:15,392,142,BUY,$177.29 ,NYSE,MKT
CAT,Caterpillar Inc.,1/2/2024,12:38:30,494,759,BUY,$228.19 ,NYSE,MKT
CAT,Caterpillar Inc.,12/18/2023,14:01:50,906,594,SELL,$211.45 ,NYSE,MKT
CAT,Caterpillar Inc.,12/15/2023,15:18:21,132,875,BUY,$211.45 ,NYSE,MKT
JPM,JP Morgan Chase & Co.,12/18/2023,9:17:52,368,874,SELL,$157.02 ,NYSE,MKT
JPM,JP Morgan Chase & Co.,1/16/2024,10:29:06,902,272,BUY,$128.76 ,NYSE,MKT
AAPL,Apple Inc.,12/13/2023,15:53:03,583,149,BUY,$157.76 ,NASDAQ,MKT
JPM,JP Morgan Chase & Co.,1/2/2024,12:44:02,106,170,BUY,$142.27 ,NYSE,MKT
CAT,Caterpillar Inc.,12/19/2023,9:45:39,624,487,BUY,$172.11 ,NYSE,MKT
CAT,Caterpillar Inc.,1/10/2024,13:48:26,141,524,BUY,$192.50 ,NYSE,MKT
JPM,JP Morgan Chase & Co.,1/10/2024,11:15:34,458,835,SELL,$143.39 ,NYSE,MKT
AAPL,Apple Inc.,1/23/2024,14:20:13,598,263,SELL,$162.32 ,NASDAQ,MKT
JPM,JP Morgan Chase & Co.,12/13/2023,11:41:48,996,605,BUY,$100.12 ,NYSE,MKT
JPM,JP Morgan Chase & Co.,12/19/2023,11:35:54,327,370,SELL,$109.19 ,NYSE,MKT
JPM,JP Morgan Chase & Co.,12/14/2023,13:41:53,298,674,SELL,$159.15 ,NYSE,MKT
CAT,Caterpillar Inc.,1/15/2024,10:17:34,325,659,BUY,$219.43 ,NYSE,MKT
AAPL,Apple Inc.,12/13/2023,14:26:04,695,858,SELL,$191.90 ,NASDAQ,MKT
JPM,JP Morgan Chase & Co.,1/5/2024,13:13:31,125,525,SELL,$133.58 ,NYSE,MKT
JPM,JP Morgan Chase & Co.,1/16/2024,9:12:18,547,142,SELL,$103.13 ,NYSE,MKT
AAPL,Apple Inc.,1/11/2024,9:55:28,169,772,SELL,$165.97 ,NASDAQ,MKT
AAPL,Apple Inc.,1/1/2024,15:10:54,792,462,SELL,$142.96 ,NASDAQ,MKT
AAPL,Apple Inc.,12/19/2023,9:23:47,347,437,BUY,$196.03 ,NASDAQ,MKT
CAT,Caterpillar Inc.,1/5/2024,11:56:39,253,258,SELL,$239.13 ,NYSE,MKT
AAPL,Apple Inc.,12/28/2023,14:57:34,429,706,SELL,$145.25 ,NASDAQ,MKT
AAPL,Apple Inc.,1/10/2024,12:15:27,241,448,BUY,$149.35 ,NASDAQ,MKT
CAT,Caterpillar Inc.,1/8/2024,13:06:50,849,818,BUY,$190.25 ,NYSE,MKT
CAT,Caterpillar Inc.,12/19/2023,9:11:11,421,534,SELL,$200.91 ,NYSE,MKT
CAT,Caterpillar Inc.,12/20/2023,13:14:28,590,302,SELL,$229.27 ,NYSE,MKT
AAPL,Apple Inc.,12/29/2023,10:25:51,237,979,BUY,$165.98 ,NASDAQ,MKT
CAT,Caterpillar Inc.,1/2/2024,11:15:45,449,224,SELL,$154.73 ,NYSE,MKT
JPM,JP Morgan Chase & Co.,1/2/2024,14:22:47,486,994,BUY,$108.95 ,NYSE,MKT
JPM,JP Morgan Chase & Co.,1/5/2024,15:52:02,590,344,SELL,$122.84 ,NYSE,MKT
AAPL,Apple Inc.,1/1/2024,10:53:20,344,748,BUY,$140.74 ,NASDAQ,MKT
JPM,JP Morgan Chase & Co.,12/28/2023,15:45:57,537,776,BUY,$111.08 ,NYSE,MKT
AAPL,Apple Inc.,1/2/2024,15:19:09,119,932,BUY,$145.03 ,NASDAQ,MKT
AAPL,Apple Inc.,1/9/2024,15:21:02,757,640,SELL,$174.94 ,NASDAQ,MKT
CAT,Caterpillar Inc.,12/27/2023,15:37:17,264,904,SELL,$202.77 ,NYSE,MKT
AAPL,Apple Inc.,1/19/2024,9:15:06,114,988,SELL,$132.44 ,NASDAQ,MKT
AAPL,Apple Inc.,12/29/2023,12:17:04,676,215,SELL,$162.08 ,NASDAQ,MKT
CAT,Caterpillar Inc.,1/11/2024,15:11:10,145,706,SELL,$235.08 ,NYSE,MKT
AAPL,Apple Inc.,1/12/2024,10:51:25,143,902,SELL,$139.56 ,NASDAQ,MKT
CAT,Caterpillar Inc.,1/2/2024,13:57:30,426,479,BUY,$185.91 ,NYSE,MKT
AAPL,Apple Inc.,1/22/2024,10:58:18,370,607,BUY,$146.31 ,NASDAQ,MKT
CAT,Caterpillar Inc.,1/22/2024,14:08:49,721,553,BUY,$199.47 ,NYSE,MKT
JPM,JP Morgan Chase & Co.,1/22/2024,15:12:41,972,147,SELL,$121.80 ,NYSE,MKT
AAPL,Apple Inc.,12/29/2023,14:29:38,375,997,BUY,$191.47 ,NASDAQ,MKT
JPM,JP Morgan Chase & Co.,12/18/2023,9:47:02,988,460,SELL,$102.67 ,NYSE,MKT
CAT,Caterpillar Inc.,12/22/2023,14:23:16,552,306,BUY,$247.93 ,NYSE,MKT
AAPL,Apple Inc.,12/26/2023,15:47:07,294,525,BUY,$185.14 ,NASDAQ,MKT
AAPL,Apple Inc.,12/13/2023,11:55:20,563,860,SELL,$181.16 ,NASDAQ,MKT
JPM,JP Morgan Chase & Co.,12/29/2023,15:43:22,629,613,BUY,$109.16 ,NYSE,MKT
JPM,JP Morgan Chase & Co.,1/18/2024,10:31:48,586,1000,BUY,$148.42 ,NYSE,MKT
AAPL,Apple Inc.,1/2/2024,12:25:02,38,633,BUY,$146.35 ,NASDAQ,MKT
JPM,JP Morgan Chase & Co.,1/22/2024,15:21:22,110,560,BUY,$116.94 ,NYSE,MKT
CAT,Caterpillar Inc.,1/22/2024,9:19:46,839,741,SELL,$239.62 ,NYSE,MKT
JPM,JP Morgan Chase & Co.,1/1/2024,9:25:52,51,155,SELL,$147.39 ,NYSE,MKT
JPM,JP Morgan Chase & Co.,1/18/2024,12:51:08,878,406,BUY,$102.00 ,NYSE,MKT
CAT,Caterpillar Inc.,12/12/2023,15:53:49,779,565,SELL,$226.18 ,NYSE,MKT
CAT,Caterpillar Inc.,1/22/2024,13:35:04,19,564,SELL,$248.59 ,NYSE,MKT
CAT,Caterpillar Inc.,12/27/2023,13:29:30,875,374,SELL,$199.06 ,NYSE,MKT
JPM,JP Morgan Chase & Co.,1/11/2024,10:45:50,120,378,SELL,$102.79 ,NYSE,MKT
AAPL,Apple Inc.,12/19/2023,11:09:00,537,895,SELL,$135.48 ,NASDAQ,MKT
AAPL,Apple Inc.,1/1/2024,15:34:27,951,563,SELL,$189.06 ,NASDAQ,MKT
CAT,Caterpillar Inc.,12/19/2023,12:05:34,709,379,BUY,$226.60 ,NYSE,MKT
AAPL,Apple Inc.,1/12/2024,13:59:28,952,553,SELL,$162.50 ,NASDAQ,MKT
CAT,Caterpillar Inc.,12/19/2023,14:08:03,244,394,BUY,$228.64 ,NYSE,MKT
JPM,JP Morgan Chase & Co.,12/27/2023,13:33:25,788,966,SELL,$156.79 ,NYSE,MKT
CAT,Caterpillar Inc.,12/21/2023,10:14:26,857,144,SELL,$190.76 ,NYSE,MKT
AAPL,Apple Inc.,1/17/2024,14:56:12,501,712,SELL,$186.13 ,NASDAQ,MKT
AAPL,Apple Inc.,12/21/2023,10:44:45,671,146,SELL,$156.90 ,NASDAQ,MKT
AAPL,Apple Inc.,12/21/2023,14:39:17,123,837,BUY,$194.84 ,NASDAQ,MKT
AAPL,Apple Inc.,12/26/2023,12:48:39,279,754,SELL,$130.61 ,NASDAQ,MKT
JPM,JP Morgan Chase & Co.,12/26/2023,10:04:00,449,339,BUY,$134.71 ,NYSE,MKT
AAPL,Apple Inc.,1/9/2024,9:52:24,769,679,BUY,$160.91 ,NASDAQ,MKT
AAPL,Apple Inc.,1/18/2024,15:45:44,94,648,SELL,$181.93 ,NASDAQ,MKT
AAPL,Apple Inc.,12/27/2023,10:26:12,547,773,BUY,$167.54 ,NASDAQ,MKT
CAT,Caterpillar Inc.,1/5/2024,9:56:50,868,936,SELL,$210.47 ,NYSE,MKT
AAPL,Apple Inc.,12/15/2023,13:29:46,16,713,SELL,$157.31 ,NASDAQ,MKT
CAT,Caterpillar Inc.,12/13/2023,12:32:14,824,542,SELL,$185.38 ,NYSE,MKT
CAT,Caterpillar Inc.,12/21/2023,13:45:53,572,972,BUY,$155.43 ,NYSE,MKT
JPM,JP Morgan Chase & Co.,1/15/2024,11:39:17,385,253,BUY,$126.96 ,NYSE,MKT
JPM,JP Morgan Chase & Co.,12/29/2023,9:08:33,465,121,BUY,$151.81 ,NYSE,MKT
CAT,Caterpillar Inc.,1/1/2024,9:42:04,710,719,BUY,$206.52 ,NYSE,MKT
CAT,Caterpillar Inc.,1/23/2024,14:22:29,484,543,SELL,$174.61 ,NYSE,MKT
CAT,Caterpillar Inc.,1/1/2024,11:45:20,536,971,BUY,$154.95 ,NYSE,MKT
CAT,Caterpillar Inc.,12/28/2023,11:01:37,505,720,BUY,$246.08 ,NYSE,MKT
CAT,Caterpillar Inc.,1/16/2024,14:28:29,369,434,SELL,$159.86 ,NYSE,MKT
CAT,Caterpillar Inc.,1/2/2024,13:03:40,97,250,BUY,$221.78 ,NYSE,MKT
CAT,Caterpillar Inc.,12/26/2023,10:16:08,900,227,BUY,$201.84 ,NYSE,MKT
AAPL,Apple Inc.,1/19/2024,12:11:38,102,215,SELL,$173.78 ,NASDAQ,MKT
JPM,JP Morgan Chase & Co.,1/19/2024,9:23:44,17,801,SELL,$102.84 ,NYSE,MKT
JPM,JP Morgan Chase & Co.,1/22/2024,12:57:03,807,266,SELL,$159.50 ,NYSE,MKT
CAT,Caterpillar Inc.,1/5/2024,9:18:50,599,740,SELL,$156.19 ,NYSE,MKT
AAPL,Apple Inc.,1/22/2024,11:03:33,392,942,BUY,$137.75 ,NASDAQ,MKT
JPM,JP Morgan Chase & Co.,12/12/2023,9:14:19,745,865,SELL,$113.67 ,NYSE,MKT
AAPL,Apple Inc.,1/1/2024,14:23:24,656,130,BUY,$183.75 ,NASDAQ,MKT
JPM,JP Morgan Chase & Co.,1/5/2024,10:07:15,458,465,SELL,$100.17 ,NYSE,MKT
CAT,Caterpillar Inc.,12/21/2023,11:26:25,579,728,SELL,$192.40 ,NYSE,MKT
AAPL,Apple Inc.,1/18/2024,12:10:45,655,646,SELL,$183.52 ,NASDAQ,MKT
CAT,Caterpillar Inc.,1/3/2024,14:57:42,104,572,BUY,$156.07 ,NYSE,MKT
AAPL,Apple Inc.,1/5/2024,13:12:03,785,331,BUY,$171.08 ,NASDAQ,MKT
CAT,Caterpillar Inc.,1/15/2024,13:28:07,496,115,SELL,$206.78 ,NYSE,MKT
AAPL,Apple Inc.,12/20/2023,12:42:40,475,137,SELL,$160.43 ,NASDAQ,MKT
AAPL,Apple Inc.,1/11/2024,12:36:55,289,697,BUY,$146.61 ,NASDAQ,MKT
AAPL,Apple Inc.,1/1/2024,12:54:51,88,892,SELL,$144.54 ,NASDAQ,MKT
JPM,JP Morgan Chase & Co.,1/11/2024,15:25:33,441,544,SELL,$100.99 ,NYSE,MKT
AAPL,Apple Inc.,12/28/2023,11:50:02,84,724,BUY,$186.63 ,NASDAQ,MKT
CAT,Caterpillar Inc.,1/1/2024,14:12:08,134,599,SELL,$159.34 ,NYSE,MKT
AAPL,Apple Inc.,12/28/2023,15:21:39,497,844,BUY,$178.63 ,NASDAQ,MKT
JPM,JP Morgan Chase & Co.,12/20/2023,10:46:27,697,206,SELL,$139.71 ,NYSE,MKT
AAPL,Apple Inc.,1/5/2024,12:31:51,977,998,SELL,$160.37 ,NASDAQ,MKT
CAT,Caterpillar Inc.,12/22/2023,14:04:25,538,807,SELL,$192.51 ,NYSE,MKT
AAPL,Apple Inc.,12/19/2023,9:11:16,645,295,SELL,$150.00 ,NASDAQ,MKT
AAPL,Apple Inc.,12/27/2023,11:12:16,879,768,BUY,$156.66 ,NASDAQ,MKT
JPM,JP Morgan Chase & Co.,1/11/2024,12:59:37,430,167,SELL,$120.64 ,NYSE,MKT
